2954 4926
413 467 510 535 LIB.
540 466 613 550 Vl,
641 467 747 532 CAP.
774 465 844 532 xl.
1101 473 1166 562 595

97 601 260 670 aeficium
278 622 348 666 non
372 601 496 680 eooet¹,
518 600 546 666 ei
567 597 700 690 optimae
717 620 757 666 ac
778 596 984 690 plenio'eimae
1002 603 1168 673 voluntati

97 718 233 786 fortuna
251 715 383 784 deesset
393 763 404 798 ,
425 713 461 782 id
478 737 573 806 oeque
588 713 794 784 beneficium
813 738 882 784 non
905 731 975 798 eet,
1002 719 1070 788 niei
1093 721 1170 790 lor-

97 854 214 904 tunam
237 833 392 903 voluntas
417 832 609 900 antecessit.
629 830 704 902 Non
725 832 816 900 enim
836 832 1006 924 profuisse
1028 852 1063 904 te
1085 839 1169 910 mihi

99 963 254 1041 oportet,
277 961 316 1016 ut
333 945 377 1012 ob
395 939 461 1013 boc
479 944 542 1014 tibi
569 945 714 1034 obliger,
745 943 805 1012 eed
827 968 868 1014 ox
892 945 1060 1018 destinato
1082 976 1171 1044 pro-2

100 1062 217 1130 fuisse.

153 1157 218 1246 Xl.
241 1174 445 1248 Cleanthea²
466 1176 619 1268 exemplo
635 1173 802 1267 ejuemodi
820 1177 953 1244 utitur:
978 1204 995 1242 o
1013 1179 1068 1247 Ad
1084 1205 1175 1272 quae-

100 1293 264 1374 rendum,
285 1294 417 1385 inquit,
438 1308 473 1360 et
488 1291 725 1364 arcessendum
739 1315 779 1358 ex
792 1291 965 1364 academia
982 1295 1169 1386 Platonem,

101 1410 188 1478 duos
196 1431 323 1501 pueros
332 1410 409 1478 miei
421 1437 430 1494 3
446 1408 533 1477 alter
547 1425 650 1478 totam
664 1399 847 1502 porticum³
860 1427 1090 1503 perscrutatus
1106 1433 1169 1498 eet,
1255 1495 1259 1508 ἱ

101 1526 171 1598 alia
185 1549 322 1618 quoque
333 1527 406 1596 loco
420 1527 457 1596 in
471 1519 599 1618 quibua
613 1525 710 1598 illurn
721 1526 870 1594 inveniri
881 1551 980 1619 pocae
996 1533 1170 1624 sperabat,

101 1643 340 1736 percucurrit,
362 1658 396 1712 et
418 1642 555 1712 domum
574 1667 643 1712 non
660 1645 772 1712 minue
789 1642 894 1714 laaeue
912 1669 1014 1736 quam
1032 1639 1178 1720 ⁴irritue

103 1757 208 1828 rediit
230 1788 238 1827 :
261 1760 348 1828 alter
363 1759 455 1853 apud
477 1760 667 1852 proximum
689 1756 946 1830 circulatorem⁵
975 1765 1100 1835 recedit
1107 1768 1176 1853 „let
1206 1803 1219 1834 ι

102 1874 184 1942 dum
204 1897 310 1966 vagus
326 1887 428 1965 atque
445 1897 522 1944 erro
538 1865 750 1946 vernaculio⁶
767 1891 996 1969 congregatur
1013 1893 1048 1946 et
1065 1879 1171 1965 ludit,

101 2004 336 2060 transeuntem
349 1985 546 2073 Platonem,
577 2011 678 2079 quem
704 2013 773 2057 non
801 1991 999 2080 quaesierat,
1027 1994 1172 2065 invenit.

102 2101 226 2200 Illum,
241 2107 376 2198 inquit,
392 2104 603 2174 laudabimus
618 2127 781 2199 puerum,
800 2109 860 2198 qui
870 2157 882 2192 ,
902 2125 1066 2200 quantum
1084 2114 1122 2182 in
1142 2140 1178 2184 ee

103 2238 180 2292 erat
189 2272 201 2310 ,
219 2222 311 2314 quod
321 2222 434 2314 jussus
448 2237 500 2290 eet
513 2221 594 2292 lecit
612 2249 621 2288 ε
638 2221 731 2291 bunc
752 2221 898 2292 feliciter
910 2225 1054 2296 inertem
1075 2232 1179 2298 caeti-

103 2336 275 2430 gabimue.
298 2361 314 2400 n
331 2335 495 2406 Voluntas
511 2351 582 2418 est,
604 2358 679 2426 quae
694 2335 786 2427 apud
803 2359 865 2408 noa
882 2341 982 2430 pouit
996 2341 1148 2414 officium
1166 2369 1174 2415 ι
1203 2365 1218 2416 3

103 2451 204 2544 cujue
221 2450 300 2519 vide
319 2475 395 2544 quae
409 2451 557 2519 conditio
571 2452 614 2518 eit
624 2501 635 2537 ‚
647 2467 687 2518 ut
699 2476 752 2519 me
766 2451 881 2520 debito
894 2454 1097 2551 obstringat.
1112 2462 1180 2528 Pa-

106 2593 181 2636 rum
196 2585 247 2636 eat
261 2568 312 2637 illi
325 2566 434 2652 velle,
453 2569 518 2636 nisi
531 2567 662 2662 profuit
680 2596 686 2635 :
708 2593 826 2662 parum
845 2585 895 2638 eet
908 2571 1095 2664 proluisse,
1111 2577 1177 2645 nisi

142 2764 244 2816 1.Non
268 2775 336 2817 esset
361 2777 426 2816 recte
455 2763 546 2824 baben
572 2783 618 2818 nec
668 2762 750 2835 attigit
760 2763 871 2816 Dorvill.
882 2764 1055 2820 adCbariton.
1065 2769 1177 2835 Vll,fi,

102 2843 176 2898 noda
187 2837 487 2909 volantaaainclortuna,
496 2843 618 2898 necanda
667 2863 691 2913 p·
703 2843 750 2906 587
764 2842 803 2894 ed.
815 2841 871 2916 lipa.
882 2843 1179 2920 lnoarviebantlaprimia

104 2926 208 2976 fortuna
216 2920 270 2974 aiae
281 2919 411 2974 voluntate
421 2919 572 2974 beneficium
583 2924 620 2976 fa·
668 2918 915 2980 deambulationibus
933 2935 958 2974 et
973 2926 1157 2980 conversationi
1170 2967 1178 2990 ,

103 2999 311 3054 elucubratione
319 3001 554 3072 tamennegativam
564 3020 619 3074 par·
667 2996 705 3049 uti
716 2996 757 3050 vel
773 3016 787 3047 e
803 2996 970 3070 Theophrasti
986 3000 1180 3059 Charaetuibu,

103 3083 210 3138 riculam
223 3083 315 3136 tollere
324 3081 423 3136 maluit.
667 3073 810 3126 videreest.
852 3086 856 3096 ‘

138 3163 186 3216 xt.
199 3163 269 3216 Aac.
277 3161 417 3214 llluatratur
429 3161 475 3216 iota
483 3162 619 3236 propositio
700 3155 724 3220 l·
735 3153 843 3208 Irrllus·
854 3155 953 3230 Nempe
965 3158 1059 3214 laboria
1070 3161 1128 3214 oui:
1142 3162 1181 3214 ni-

104 3241 336 3294 etdemonotratur.
405 3287 407 3291 .
666 3228 704 3282 ltil
718 3230 960 3301 effecitquaerento.
1096 3295 1097 3298 Ἴ

140 3339 163 3370 o.
176 3317 312 3374 Cleanthes
325 3313 481 3368 hauddubie
494 3315 521 3370 iu
534 3314 615 3378 libro,
699 3309 919 3374 senmurum,
926 3311 943 3362 i.
955 3331 977 3364 e.
986 3312 1060 3366 urbes
1068 3315 1182 3368 ciacum-

103 3397 178 3468 eujnt
191 3395 321 3468 Diogenes
333 3393 414 3446 baert.
424 3393 491 3456 Vll,
509 3397 553 3460 ¹7⁵
566 3411 618 3444 me·
667 3395 770 3437 cuntem
783 3421 792 3449 ,
808 3397 837 3436 ut
857 3384 961 3440 divertit
973 3388 1067 3442 artibus
1080 3392 1184 3464 praeti-

103 3476 201 3537 mioit,
220 3476 273 3542 arapl
290 3474 387 3540 χάριτος
408 3469 545 3543 inscripto,
563 3469 622 3522 hee·
671 3463 768 3534 gliaque
786 3464 948 3520 ostendendis
969 3467 1076 3522 circulos
1092 3470 1183 3524 bomi-

101 3554 249 3628 protnlerat.
671 3541 1184 3618 numoblectaret,aibiqueperemtum-

138 3636 164 3688 3.
178 3632 326 3694 Portr'eum,
337 3625 577 3684 tredmlcademiae
594 3624 621 3678 iu
671 3620 1182 3696 retur.Suntnoetrijoueursdegohelets:

106 3709 249 3764 Ceramico.
273 3707 335 3762 Haec
359 3703 521 3768 Academia,
552 3703 622 3756 locur
670 3699 840 3752 cauculatores
853 3700 933 3756 medii
949 3703 1015 3768 aevi,
1033 3705 1183 3758 Salmao.ad

103 3800 300 3859 amoenualextra
311 3783 438 3845 lltbenaa,
449 3780 480 3836 ab
491 3781 621 3838 Academo
669 3777 770 3850 Scriptt.
781 3777 847 3830 llio.
861 3781 928 3850 Aug.
939 3781 987 3834 To.
997 3782 1027 3849 l,
1038 3804 1062 3854 p.
1076 3782 1132 3852 557.
1143 3785 1182 3838 Gt

104 3865 284 3938 antiquissimo
297 3866 373 3918 beroe
386 3863 461 3918 attico
473 3875 560 3917 vocata
570 3876 621 3916 eet:
670 3857 749 3930 Epio.
758 3873 824 3925 xtv,
836 3879 860 3927 7,
873 3871 940 3922 not,
949 3859 1108 3914 Beclrmanni
1121 3863 1185 3918 Ges·

105 3950 135 4002 in
146 3947 241 4002 vicinia
252 3943 401 4019 praedlolom
413 3941 522 4015 poetedit
537 3940 620 4003 Plato,
668 3935 763 3989 allelu
772 3937 819 3990 der
826 3935 1021 4006 Erfipdungen,
1035 3940 1082 3994 To.
1096 3942 1141 3994 lv.
1154 3943 1185 3994 P.

105 4027 169 4080 binc
179 4022 383 4097 aicappellatom·
392 4019 620 4088 (ll-Bormam,
670 4015 682 4064 l
691 4051 698 4079 ‚
709 4017 773 4088 p·55
784 4033 833 4085 aq,
845 4029 868 4067 et
876 4014 1063 4088 Bartlte'lemy,
1075 4020 1183 4090 Voyage

110 4105 220 4174 Voyoge
231 4099 444 4162 d'Anoclrarsr’a,
459 4099 484 4150 Il
496 4137 503 4160 ,
523 4117 535 4166 7
547 4136 554 4160 ,
570 4095 622 4148 eive
671 4093 866 4148 &Anacharsis
876 4133 884 4160 ,
894 4113 915 4148 e·
927 4098 967 4158 25,
981 4089 1026 4148 fin.

108 4179 217 4234 bleursii
243 4177 411 4234 ceramicum.
432 4175 513 4228 Uanm
537 4187 623 4228 autem
705 4169 1184 4231 bErrovemocult‘s.Sicdlcebantar

106 4277 232 4330 magnum
250 4271 274 4310 et
294 4253 461 4329 multiplicem
480 4253 622 4332 pcrtiermm
672 4252 738 4330 cervi
755 4252 781 4305 in
794 4252 847 4325 ipsa
858 4251 936 4308 domo
950 4267 1049 4326 noctra,
1064 4257 1091 4314 in
1106 4257 1183 4325 urbe,
