2966 4948
454 493 627 563 curor
652 493 839 585 xxm..
1101 523 1166 593 ιη
1209 567 1214 574 ,

93 609 184 706 ber,
212 621 348 692 undem
371 639 488 709 tutus,
506 599 652 692 ‘tandem
678 613 826 692 'eternus
845 638 907 690 est.
944 625 1166 720 Superstitem

93 743 264 808 ensarem
281 789 291 822 ,
311 759 518 832 omnemque¹
531 740 605 832 ejus
619 739 750 838 prolem
762 745 792 820 ¹,
814 737 1033 833 superstitem
1045 759 1168 810 tecum

94 855 256 924 omnibus
271 855 375 924 habet
388 855 549 924 frutribus
568 881 576 922 ι
595 870 775 948 antequam
790 852 976 947 quidq'usm
992 855 1033 924 eri
1046 883 1106 926 suo
1120 859 1170 926 fa·

95 995 179 1039 vore
199 973 336 1040 fortuna
354 987 519 1056 mutaret,
539 987 683 1041 stentem
695 977 708 1008 ²
722 972 835 1042 adhue
849 973 959 1057 illum,
980 990 1015 1042 et
1029 999 1180 1043 munera.

95 1087 201 1180 plenu
220 1112 322 1157 manu
342 1103 584 1182 congerentem
602 1088 754 1181 reliquit.
776 1091 919 1158 Fruitur
939 1114 1032 1159 nunc
1051 1107 1169 1184 aperto
1194 1119 1210 1172 5

95 1221 131 1272 et
150 1204 444 1292 libero‘cae103'ex
457 1205 579 1276 humili
593 1221 696 1299 utque
713 1206 873 1300 depresso
884 1209 922 1275 in
936 1231 1014 1276 eum
1028 1211 1169 1278 emicuit

96 1322 234 1408 locum,
256 1324 411 1416 quisquis
428 1323 487 1390 iile
507 1317 604 1406 θεῖ’,
634 1324 695 1414 qui
721 1323 846 1392 solutus
871 1325 1017 1395 vinculis
1042 1327 1170 1393 animus

95 1436 201 1506 beato
212 1437 337 1531 re'cipit
349 1439 427 1506 sinu
445 1453 508 1506 :et
518 1461 610 1508 nunc
621 1438 731 1506 iibere
747 1455 908 1533 vagatur,
926 1439 1106 1532 omniaque
1119 1442 1178 1508 re·'

96 1581 177 1623 rum
189 1570 323 1624 naturae
335 1555 424 1623 bons
437 1578 514 1624 cum
525 1557 654 1624 summa
667 1555 840 1649 voluptate
854 1558 1029 1650 perspicit.
1044 1561 1146 1626 Erras
1159 1585 1166 1624 :

97 1697 169 1740 non
188 1669 341 1765 perdidit
352 1663 487 1739 lucem⁴
503 1670 609 1739 frater
620 1687 718 1755 tuus,
738 1669 799 1740 sed
816 1675 1021 1742 securiorem
1034 1657 1171 1743 sortitus

97 1805 171 1872 θεῖς
206 1788 364 1857 omnibus
388 1788 446 1856 illo
472 1787 571 1856 nobis
599 1811 775 1856 commune
801 1805 852 1856 est
875 1790 953 1859 iter.
986 1791 1081 1884 Quid
1104 1792 1171 1859 fata

97 1905 295 1974 deflemus?
312 1928 380 1973 non
395 1905 536 1997 reliquit
550 1903 608 1972 ille
627 1927 709 1986 nos,
726 1902 786 1971 sed
799 1907 981 1973 antecessit
991 1898 1016 1973 ⁵.

147 2024 288 2092 XXIX.
307 2025 386 2104 Est,
407 2018 631 2102 mihicrede,
651 2043 774 2114 magna
791 2020 935 2090 felicitas
951 2023 988 2091 in
1007 2025 1080 2116 ipsa
1094 2023 1171 2092 seli·

97 2143 205 2210 oitate
217 2138 399 2208 moriendi.
415 2139 510 2207 Nihil
524 2161 568 2206 ne
580 2139 617 2205 in
630 2153 737 2205 totum
749 2135 889 2229 quidem
901 2139 992 2209 diem
1004 2143 1090 2210 certi
1099 2157 1168 2226 est,

97 2261 179 2352 quis
192 2259 230 2325 in
242 2272 309 2325 tam
318 2257 504 2326 obscuraet
513 2249 686 2324 involutu‘
697 2255 840 2322 veritate
853 2255 995 2342 divinat,
1012 2273 1171 2351 utrumne

98 2373 199 2441 fratri
218 2388 278 2440 tuo
291 2395 383 2440 mors
400 2369 585 2453 inviderit,
602 2394 647 2437 an
661 2369 872 2438 consuluerit
883 2372 898 2438 i'
909 2371 1001 2440 Illud
1013 2397 1169 2466 quoque,

97 2512 169 2580 qua
185 2482 315 2582 justitia
331 2486 369 2552 in
385 2483 542 2552 omnibus
559 2482 663 2551 rebus
676 2507 734 2565 es,
758 2506 896 2551 necesse
914 2481 965 2552 est
984 2500 1017 2552 te
1034 2484 1173 2578 adjuvet

96 2601 327 2694 cogitantem,
345 2621 418 2666 non
436 2597 598 2690 injurium
618 2596 682 2664 tibi
701 2596 845 2677 factam,
868 2596 960 2688 quod
980 2598 1079 2666 tsiem
1100 2599 1170 2667 fm-

98 2735 189 2786 trcm
209 2715 373 2798 amisisti,
390 2712 449 2782 sed
468 2713 673 2780 beneficium
692 2711 827 2796 datum,
845 2711 937 2804 quod
952 2713 1080 2782 tamdiu
1097 2715 1172 2807 pic·

134 2955 155 2986 ι.
174 2935 339 3002 omnemque
351 2938 406 2995 eius
418 2934 526 3000 prolem.
545 2930 610 2998 Qut
660 2930 790 2984 eitsnocte
802 2931 978 2985 circumdati.»
987 2952 1040 3005 esp.
1053 2932 1094 2997 ιθ,
1103 2933 1170 2985 med.

98 3012 200 3064 duobus
225 3022 325 3062 tentum
349 3009 436 3061 liberis
459 3008 609 3074 constabit,
658 3039 662 3050 ι
694 3011 722 3061 5.
739 3011 891 3062 Antecesss‘t.
906 3011 995 3063 Horet.
1012 3009 1101 3077 iihaii,
1119 3011 1171 3064 Od.
1264 3041 1269 3056 ι

98 3088 253 3142 Britsnnico
265 3099 289 3140 et
301 3087 411 3140 Octavia.
661 3101 730 3150 xvtt,
742 3107 779 3140 vs.
796 3107 836 3152 ro,
852 3108 877 3140 ιι
894 3107 901 3140 ι
915 3110 928 3136 ιι
940 3088 1057 3152 Ibimus,
1078 3087 1171 3142 ibimus

131 3166 300 3220 s.Stuu1em.
313 3165 435 3217 Nondum
453 3183 479 3216 se
492 3177 612 3217 averten-
661 3167 805 3236 Utcumque
821 3166 955 3238 prsecedes.
966 3188 979 3214 u
1004 3167 1060 3238 Ipse
1079 3167 1171 3220 Senec.

99 3261 149 3298 tem
161 3258 187 3296 et
198 3243 343 3296 abeuntem.
661 3242 737 3294 Cous.
747 3241 780 3294 sd
789 3243 870 3296 Marc.
891 3263 921 3314 ¹9
933 3262 940 3297 ε
954 3265 967 3292 ιι
982 3243 1123 3296 dimisimus
1134 3244 1172 3296 il-

130 3326 156 3376 3.
174 3322 306 3394 Quisquis
319 3325 364 3374 iiie
376 3331 421 3373 est.
435 3319 503 3387 Sive,
517 3331 545 3372 ut
557 3321 611 3390 My·
661 3317 712 3372 los:
723 3320 802 3373 immo
812 3322 970 3374 consecuturi
979 3323 1171 3394 premisimus.»

97 3397 612 3473 thogrephisplncebat,Elysiisineam·
662 3441 665 3450 .
695 3398 791 3451 xxlx.
803 3402 871 3451 Anu.
883 3399 994 3451 Mortem
1004 3399 1097 3472 ¹ssepius
1109 3400 1172 3454 ieli-

97 3481 136 3552 pis
152 3497 238 3532 rerum
252 3489 375 3550 agerent,
397 3475 451 3528 sive
471 3475 498 3527 in
517 3474 611 3528 insuies
661 3476 786 3529 cissimem
800 3495 852 3529 esse
864 3474 933 3528 dicit.
946 3475 1016 3528 Dein
1027 3477 1061 3529 sit
1072 3477 1099 3529 in
1107 3495 1171 3550 prn-

97 3558 185 3608 beetss
203 3553 443 3616 trsnssriberentur,
464 3553 565 3605 leucen
587 3566 612 3606 et
660 3552 1170 3624 teritibonimemoriedulcedinemquem

97 3635 176 3696 eiius,
194 3633 249 3684 sive
260 3632 288 3684 in
299 3631 426 3684 immenso
435 3630 531 3704 spatio,
542 3631 610 3701 qnod
660 3632 795 3686 maximnm
815 3631 957 3696 contineri,
979 3651 1040 3705 ergo
1059 3632 1170 3703 aliquem

97 3714 177 3764 inune
189 3709 298 3772 dieitur,
310 3721 470 3781 regerentur.
661 3729 713 3764 esse
723 3711 752 3762 in
761 3709 897 3782 cogitando
906 3712 983 3762 fratre
994 3710 1169 3774 dulcedinem

133 3796 157 3856 4.
179 3792 242 3844 Nou
257 3791 373 3858 perdidit
393 3793 485 3843 iucem.
510 3789 611 3861 Corpus
660 3801 714 3840 tum
724 3789 789 3842 nihil
802 3788 875 3841 nobis
885 3807 900 3840 s
912 3799 1001 3840 natura
1013 3807 1170 3854 eoncessum,

98 3871 143 3924 iiie
162 3871 270 3942 quidem
294 3868 392 3933 emisit,
415 3881 441 3919 nt
461 3868 542 3920 iucem
564 3869 610 3920 mi·
660 3868 710 3920 nisi
731 3867 844 3940 precario
864 3877 889 3918 et
905 3865 974 3918 reiut
992 3865 1020 3917 in
1032 3877 1169 3931 mutuum,

96 3950 185 4012 nime,
199 3966 279 4019 quum
289 3965 345 3998 aere
356 3947 407 4018 jem
418 3958 443 3998 et
454 3944 534 3998 libero
547 3945 609 3998 caio
660 3965 720 4018 ergo
730 3945 823 4019 gratiss
834 3943 946 4017 agendas
954 3983 962 4011 ,
970 3943 992 3996 si
1001 3942 1062 4013 quid
1072 3961 1171 3996 conces·

96 4029 197 4078 fruetur
206 4043 301 4094 ,neque
314 4022 454 4096 corporalia
464 4023 519 4075 veis
529 4041 609 4073 eume
659 4026 734 4090 serit,
750 4045 832 4096 neque
844 4023 1032 4096 indignandum
1043 4061 1050 4086 ,
1069 4022 1090 4074 si
1101 4042 1170 4076 con-

97 4105 155 4155 iuee
164 4115 297 4175 separent,
311 4119 368 4170 quae
380 4101 427 4174 ipsi
440 4099 527 4173 purior
537 4100 609 4152 uitet.
660 4121 755 4155 cessum
771 4101 900 4154 ademerit.

97 4184 132 4236 iis
149 4182 205 4234 bec
221 4200 333 4234 consona
354 4193 414 4233 sunt
429 4199 485 4252 qute
501 4179 564 4232 dixit
581 4180 608 4231 in
690 4178 1103 4250 601nvuiutu.Velisnempe,qute
1114 4199 1170 4232 raro

95 4260 203 4314 Consol.
222 4259 256 4312 ad
275 4260 355 4312 Mare.
368 4281 381 4307 s
396 4259 537 4324 Videmus,
556 4277 608 4312 non
659 4259 803 4312 mortalium
811 4259 892 4312 oculis
904 4258 990 4332 pervia
1002 4270 1067 4310 sunt.
