<?xml version="1.0" encoding="UTF-8"?>
<!DOCTYPE html PUBLIC "-//W3C//DTD XHTML 1.0 Transitional//EN"
    "http://www.w3.org/TR/xhtml1/DTD/xhtml1-transitional.dtd">
<html xmlns="http://www.w3.org/1999/xhtml" xml:lang="en" lang="en">
 <head>
  <title>
</title>
<meta http-equiv="Content-Type" content="text/html;charset=utf-8" />
  <meta name='ocr-system' content='tesseract 3.04.00' />
  <meta name='ocr-capabilities' content='ocr_page ocr_carea ocr_par ocr_line ocrx_word'/>
</head>
<body>
  <div class='ocr_page' id='page_1' title='image "./lannsenecparspr02bouigoog_0246.png"; bbox 0 0 2966 4948; ppageno 0'>
   <div class='ocr_carea' id='block_1_1' title="bbox 419 458 1161 531">
    <p class='ocr_par' dir='ltr' id='par_1_1' title="bbox 419 458 1161 531">
     <span class='ocr_line' id='line_1_1' title="bbox 419 458 1161 531; baseline -0.008 0"><span class='ocrx_word' id='word_1_1' title='bbox 419 459 592 531; x_wconf 82' lang='lat' dir='ltr'>CAPUT</span> <span class='ocrx_word' id='word_1_2' title='bbox 616 459 832 530; x_wconf 80' lang='lat' dir='ltr'>XXXVII.</span> <span class='ocrx_word' id='word_1_3' title='bbox 1097 458 1161 526; x_wconf 77' lang='lat'><strong>235</strong></span> 
     </span>
    </p>
   </div>
   <div class='ocr_carea' id='block_1_2' title="bbox 79 585 1205 3136">
    <p class='ocr_par' dir='ltr' id='par_1_2' title="bbox 79 585 1205 3136">
     <span class='ocr_line' id='line_1_2' title="bbox 86 585 1160 686; baseline -0.003 -27"><span class='ocrx_word' id='word_1_4' title='bbox 86 613 191 659; x_wconf 85' lang='lat' dir='ltr'><strong>eausa</strong></span> <span class='ocrx_word' id='word_1_5' title='bbox 209 591 284 683; x_wconf 89' lang='lat' dir='ltr'><strong>ejus</strong></span> <span class='ocrx_word' id='word_1_6' title='bbox 302 615 371 660; x_wconf 90' lang='lat' dir='ltr'><strong>non</strong></span> <span class='ocrx_word' id='word_1_7' title='bbox 383 607 494 686; x_wconf 86' lang='lat' dir='ltr'><strong>potest</strong></span> <span class='ocrx_word' id='word_1_8' title='bbox 507 593 636 682; x_wconf 85' lang='lat' dir='ltr'><strong>(omnia</strong></span> <span class='ocrx_word' id='word_1_9' title='bbox 655 591 746 659; x_wconf 91' lang='lat' dir='ltr'><strong>enim</strong></span> <span class='ocrx_word' id='word_1_10' title='bbox 767 591 827 660; x_wconf 88' lang='lat' dir='ltr'><strong>illa</strong></span> <span class='ocrx_word' id='word_1_11' title='bbox 844 613 919 682; x_wconf 71' lang='lat' dir='ltr'><strong>quse</strong></span> <span class='ocrx_word' id='word_1_12' title='bbox 934 586 1032 656; x_wconf 88' lang='lat' dir='ltr'><strong>nobis</strong></span> <span class='ocrx_word' id='word_1_13' title='bbox 1051 585 1160 669; x_wconf 88' lang='lat' dir='ltr'><strong>dedit,</strong></span> 
     </span>
     <span class='ocr_line' id='line_1_3' title="bbox 86 705 1164 803; baseline -0.002 -27"><span class='ocrx_word' id='word_1_14' title='bbox 86 709 132 776; x_wconf 92' lang='lat' dir='ltr'><strong>ob</strong></span> <span class='ocrx_word' id='word_1_15' title='bbox 151 705 220 777; x_wconf 89' lang='lat' dir='ltr'><strong>hoc</strong></span> <span class='ocrx_word' id='word_1_16' title='bbox 236 710 348 802; x_wconf 89' lang='lat' dir='ltr'><strong>ipsum</strong></span> <span class='ocrx_word' id='word_1_17' title='bbox 374 709 468 803; x_wconf 92' lang='lat' dir='ltr'><strong>quod</strong></span> <span class='ocrx_word' id='word_1_18' title='bbox 493 707 624 802; x_wconf 89' lang='lat' dir='ltr'><strong>aliquid</strong></span> <span class='ocrx_word' id='word_1_19' title='bbox 643 709 793 802; x_wconf 89' lang='lat' dir='ltr'><strong>eripuit,</strong></span> <span class='ocrx_word' id='word_1_20' title='bbox 821 706 931 775; x_wconf 82' lang='lat' dir='ltr'><strong>invisa</strong></span> <span class='ocrx_word' id='word_1_21' title='bbox 947 705 1064 794; x_wconf 81' lang='lat' dir='ltr'><strong>sunt);</strong></span> <span class='ocrx_word' id='word_1_22' title='bbox 1082 719 1164 774; x_wconf 86' lang='lat' dir='ltr'><strong>tunc</strong></span> 
     </span>
     <span class='ocr_line' id='line_1_4' title="bbox 84 819 1164 919; baseline -0.006 -26"><span class='ocrx_word' id='word_1_23' title='bbox 84 841 202 895; x_wconf 69' lang='lat' dir='ltr'><strong>umen</strong></span> <span class='ocrx_word' id='word_1_24' title='bbox 217 826 285 894; x_wconf 88' lang='lat' dir='ltr'><strong>erit</strong></span> <span class='ocrx_word' id='word_1_25' title='bbox 295 825 452 918; x_wconf 80' lang='lat' dir='ltr'><strong>agenda,</strong></span> <span class='ocrx_word' id='word_1_26' title='bbox 469 849 574 918; x_wconf 86' lang='lat' dir='ltr'><strong>quum</strong></span> <span class='ocrx_word' id='word_1_27' title='bbox 588 826 735 919; x_wconf 89' lang='lat' dir='ltr'><strong>primum</strong></span> <span class='ocrx_word' id='word_1_28' title='bbox 748 825 931 916; x_wconf 72' lang='lat' dir='ltr'><strong>aequiorem</strong></span> <span class='ocrx_word' id='word_1_29' title='bbox 950 837 984 889; x_wconf 87' lang='lat' dir='ltr'><strong>te</strong></span> <span class='ocrx_word' id='word_1_30' title='bbox 1002 819 1053 889; x_wconf 94' lang='lat' dir='ltr'><strong>illi</strong></span> <span class='ocrx_word' id='word_1_31' title='bbox 1067 819 1164 912; x_wconf 88' lang='lat' dir='ltr'><strong>judi-</strong></span> 
     </span>
     <span class='ocr_line' id='line_1_5' title="bbox 85 938 1163 1035; baseline -0.002 -27"><span class='ocrx_word' id='word_1_32' title='bbox 85 963 161 1008; x_wconf 79' lang='lat' dir='ltr'><strong>cem</strong></span> <span class='ocrx_word' id='word_1_33' title='bbox 180 938 257 1009; x_wconf 87' lang='lat' dir='ltr'><strong>dies</strong></span> <span class='ocrx_word' id='word_1_34' title='bbox 269 940 410 1011; x_wconf 86' lang='lat' dir='ltr'><strong>feeerit:</strong></span> <span class='ocrx_word' id='word_1_35' title='bbox 427 958 508 1011; x_wconf 87' lang='lat' dir='ltr'><strong>tunc</strong></span> <span class='ocrx_word' id='word_1_36' title='bbox 525 944 616 1011; x_wconf 91' lang='lat' dir='ltr'><strong>enim</strong></span> <span class='ocrx_word' id='word_1_37' title='bbox 635 943 764 1035; x_wconf 88' lang='lat' dir='ltr'><strong>poteris</strong></span> <span class='ocrx_word' id='word_1_38' title='bbox 786 941 822 1008; x_wconf 90' lang='lat' dir='ltr'><strong>in</strong></span> <span class='ocrx_word' id='word_1_39' title='bbox 842 939 986 1034; x_wconf 75' lang='lat' dir='ltr'><strong>gretiam</strong></span> <span class='ocrx_word' id='word_1_40' title='bbox 1005 962 1082 1006; x_wconf 88' lang='lat' dir='ltr'><strong>eum</strong></span> <span class='ocrx_word' id='word_1_41' title='bbox 1103 938 1163 1008; x_wconf 84' lang='lat' dir='ltr'><strong>ille</strong></span> 
     </span>
     <span class='ocr_line' id='line_1_6' title="bbox 86 1053 1163 1155; baseline -0.003 -31"><span class='ocrx_word' id='word_1_42' title='bbox 86 1055 216 1125; x_wconf 85' lang='lat' dir='ltr'><strong>redire.</strong></span> <span class='ocrx_word' id='word_1_43' title='bbox 233 1061 318 1126; x_wconf 87' lang='lat' dir='ltr'><strong>Nam</strong></span> <span class='ocrx_word' id='word_1_44' title='bbox 332 1058 438 1127; x_wconf 88' lang='lat' dir='ltr'><strong>multa</strong></span> <span class='ocrx_word' id='word_1_45' title='bbox 452 1058 604 1155; x_wconf 83' lang='lat' dir='ltr'><strong>providit</strong></span> <span class='ocrx_word' id='word_1_46' title='bbox 612 1108 624 1146; x_wconf 86' lang='lat'><strong><em>,</em></strong></span> <span class='ocrx_word' id='word_1_47' title='bbox 645 1058 770 1152; x_wconf 91' lang='lat' dir='ltr'><strong>quibus</strong></span> <span class='ocrx_word' id='word_1_48' title='bbox 787 1057 877 1126; x_wconf 86' lang='lat' dir='ltr'><strong>hanc</strong></span> <span class='ocrx_word' id='word_1_49' title='bbox 891 1053 1088 1123; x_wconf 76' lang='lat' dir='ltr'>emendaret</span> <span class='ocrx_word' id='word_1_50' title='bbox 1105 1055 1163 1122; x_wconf 91' lang='lat' dir='ltr'><strong>in-</strong></span> 
     </span>
     <span class='ocr_line' id='line_1_7' title="bbox 80 1169 1160 1266; baseline -0.003 -26"><span class='ocrx_word' id='word_1_51' title='bbox 80 1171 233 1265; x_wconf 83' lang='lat' dir='ltr'><strong>juriam,</strong></span> <span class='ocrx_word' id='word_1_52' title='bbox 253 1173 360 1244; x_wconf 81' lang='lat' dir='ltr'><strong>multa</strong></span> <span class='ocrx_word' id='word_1_53' title='bbox 378 1177 481 1244; x_wconf 87' lang='lat' dir='ltr'><strong>etiam</strong></span> <span class='ocrx_word' id='word_1_54' title='bbox 502 1199 595 1245; x_wconf 89' lang='lat' dir='ltr'><strong>nune</strong></span> <span class='ocrx_word' id='word_1_55' title='bbox 613 1174 709 1244; x_wconf 86' lang='lat' dir='ltr'><strong>dabit</strong></span> <span class='ocrx_word' id='word_1_56' title='bbox 727 1172 854 1266; x_wconf 87' lang='lat' dir='ltr'><strong>quibus</strong></span> <span class='ocrx_word' id='word_1_57' title='bbox 870 1169 1038 1256; x_wconf 79' lang='lat' dir='ltr'><strong>redimat3</strong></span> <span class='ocrx_word' id='word_1_58' title='bbox 1059 1169 1160 1238; x_wconf 89' lang='lat' dir='ltr'><strong>deni-</strong></span> 
     </span>
     <span class='ocr_line' id='line_1_8' title="bbox 83 1287 1203 1386; baseline 0 -29"><span class='ocrx_word' id='word_1_59' title='bbox 83 1314 154 1382; x_wconf 90' lang='lat' dir='ltr'><strong>que</strong></span> <span class='ocrx_word' id='word_1_60' title='bbox 173 1292 288 1385; x_wconf 82' lang='lat' dir='ltr'><strong>ipsum</strong></span> <span class='ocrx_word' id='word_1_61' title='bbox 312 1291 405 1385; x_wconf 87' lang='lat' dir='ltr'><strong>quod</strong></span> <span class='ocrx_word' id='word_1_62' title='bbox 422 1292 583 1376; x_wconf 87' lang='lat' dir='ltr'><strong>abstulit,</strong></span> <span class='ocrx_word' id='word_1_63' title='bbox 606 1293 681 1386; x_wconf 85' lang='lat' dir='ltr'><strong>ipsa</strong></span> <span class='ocrx_word' id='word_1_64' title='bbox 705 1290 847 1360; x_wconf 80' lang='lat' dir='ltr'><strong>dederat</strong></span> <span class='ocrx_word' id='word_1_65' title='bbox 868 1287 944 1357; x_wconf 88' lang='lat' dir='ltr'><strong>tihi.</strong></span> <span class='ocrx_word' id='word_1_66' title='bbox 975 1287 1051 1356; x_wconf 90' lang='lat' dir='ltr'><strong>Noli</strong></span> <span class='ocrx_word' id='word_1_67' title='bbox 1075 1309 1159 1380; x_wconf 80' lang='lat' dir='ltr'><strong>ergo</strong></span> <span class='ocrx_word' id='word_1_68' title='bbox 1185 1293 1203 1347; x_wconf 84' lang='lat'>3</span> 
     </span>
     <span class='ocr_line' id='line_1_9' title="bbox 83 1403 1162 1502; baseline -0.004 -29"><span class='ocrx_word' id='word_1_69' title='bbox 83 1421 207 1474; x_wconf 88' lang='lat' dir='ltr'><strong>centra</strong></span> <span class='ocrx_word' id='word_1_70' title='bbox 221 1422 255 1475; x_wconf 86' lang='lat' dir='ltr'><strong>te</strong></span> <span class='ocrx_word' id='word_1_71' title='bbox 273 1409 411 1502; x_wconf 81' lang='lat' dir='ltr'><strong>ingenio</strong></span> <span class='ocrx_word' id='word_1_72' title='bbox 428 1410 479 1478; x_wconf 87' lang='lat' dir='ltr'><strong>uti</strong></span> <span class='ocrx_word' id='word_1_73' title='bbox 496 1425 567 1492; x_wconf 87' lang='lat' dir='ltr'><strong>tuo,</strong></span> <span class='ocrx_word' id='word_1_74' title='bbox 583 1410 654 1478; x_wconf 92' lang='lat' dir='ltr'><strong>noli</strong></span> <span class='ocrx_word' id='word_1_75' title='bbox 671 1408 790 1477; x_wconf 84' lang='lat' dir='ltr'><strong>adesse</strong></span> <span class='ocrx_word' id='word_1_76' title='bbox 805 1412 814 1442; x_wconf 91' lang='lat'><strong>¹</strong></span> <span class='ocrx_word' id='word_1_77' title='bbox 836 1403 945 1475; x_wconf 88' lang='lat' dir='ltr'><strong>dolori</strong></span> <span class='ocrx_word' id='word_1_78' title='bbox 960 1419 1029 1471; x_wconf 90' lang='lat' dir='ltr'><strong>tuo.</strong></span> <span class='ocrx_word' id='word_1_79' title='bbox 1046 1403 1162 1470; x_wconf 88' lang='lat' dir='ltr'><strong>Potest</strong></span> 
     </span>
     <span class='ocr_line' id='line_1_10' title="bbox 83 1517 1205 1620; baseline -0.004 -30"><span class='ocrx_word' id='word_1_80' title='bbox 83 1522 228 1614; x_wconf 88' lang='lat' dir='ltr'><strong>quidem</strong></span> <span class='ocrx_word' id='word_1_81' title='bbox 240 1522 436 1617; x_wconf 84' lang='lat' dir='ltr'><strong>eloquentia</strong></span> <span class='ocrx_word' id='word_1_82' title='bbox 462 1542 538 1614; x_wconf 81' lang='lat' dir='ltr'><strong>naa,</strong></span> <span class='ocrx_word' id='word_1_83' title='bbox 564 1551 639 1619; x_wconf 80' lang='lat' dir='ltr'><strong>quas</strong></span> <span class='ocrx_word' id='word_1_84' title='bbox 656 1549 761 1620; x_wconf 86' lang='lat' dir='ltr'><strong>parva</strong></span> <span class='ocrx_word' id='word_1_85' title='bbox 785 1539 864 1593; x_wconf 90' lang='lat' dir='ltr'><strong>sunt</strong></span> <span class='ocrx_word' id='word_1_86' title='bbox 888 1517 1079 1615; x_wconf 84' lang='lat' dir='ltr'><strong>approbare</strong></span> <span class='ocrx_word' id='word_1_87' title='bbox 1096 1542 1161 1613; x_wconf 87' lang='lat' dir='ltr'><strong>pro</strong></span> <span class='ocrx_word' id='word_1_88' title='bbox 1202 1545 1205 1550; x_wconf 93' lang='lat'>·</span> 
     </span>
     <span class='ocr_line' id='line_1_11' title="bbox 85 1635 1157 1739; baseline -0.001 -33"><span class='ocrx_word' id='word_1_89' title='bbox 85 1642 241 1734; x_wconf 78' lang='lat' dir='ltr'><strong>magnis,</strong></span> <span class='ocrx_word' id='word_1_90' title='bbox 258 1667 377 1712; x_wconf 86' lang='lat' dir='ltr'><strong>rursus</strong></span> <span class='ocrx_word' id='word_1_91' title='bbox 388 1667 511 1739; x_wconf 77' lang='lat' dir='ltr'><strong>magna</strong></span> <span class='ocrx_word' id='word_1_92' title='bbox 524 1659 700 1714; x_wconf 83' lang='lat' dir='ltr'><strong>attenuare</strong></span> <span class='ocrx_word' id='word_1_93' title='bbox 710 1660 745 1712; x_wconf 86' lang='lat' dir='ltr'><strong>et</strong></span> <span class='ocrx_word' id='word_1_94' title='bbox 758 1641 803 1712; x_wconf 85' lang='lat' dir='ltr'><strong>ed</strong></span> <span class='ocrx_word' id='word_1_95' title='bbox 816 1641 956 1711; x_wconf 83' lang='lat' dir='ltr'><strong>minima</strong></span> <span class='ocrx_word' id='word_1_96' title='bbox 973 1635 1157 1724; x_wconf 76' lang='lat' dir='ltr'><strong>deducere3</strong></span> 
     </span>
     <span class='ocr_line' id='line_1_12' title="bbox 84 1754 1161 1843; baseline -0.003 -19"><span class='ocrx_word' id='word_1_97' title='bbox 84 1755 148 1824; x_wconf 87' lang='lat' dir='ltr'><strong>sed</strong></span> <span class='ocrx_word' id='word_1_98' title='bbox 162 1757 232 1824; x_wconf 84' lang='lat' dir='ltr'><strong>alio</strong></span> <span class='ocrx_word' id='word_1_99' title='bbox 251 1759 314 1826; x_wconf 86' lang='lat' dir='ltr'><strong>ista</strong></span> <span class='ocrx_word' id='word_1_100' title='bbox 331 1761 423 1828; x_wconf 83' lang='lat' dir='ltr'><strong>vires</strong></span> <span class='ocrx_word' id='word_1_101' title='bbox 440 1777 553 1830; x_wconf 84' lang='lat' dir='ltr'><strong>servet</strong></span> <span class='ocrx_word' id='word_1_102' title='bbox 572 1783 668 1843; x_wconf 86' lang='lat' dir='ltr'><strong>suas,</strong></span> <span class='ocrx_word' id='word_1_103' title='bbox 690 1783 783 1829; x_wconf 89' lang='lat' dir='ltr'><strong>nunc</strong></span> <span class='ocrx_word' id='word_1_104' title='bbox 801 1774 870 1826; x_wconf 87' lang='lat' dir='ltr'><strong>tota</strong></span> <span class='ocrx_word' id='word_1_105' title='bbox 889 1781 924 1826; x_wconf 87' lang='lat' dir='ltr'><strong>se</strong></span> <span class='ocrx_word' id='word_1_106' title='bbox 942 1757 980 1825; x_wconf 89' lang='lat' dir='ltr'><strong>in</strong></span> <span class='ocrx_word' id='word_1_107' title='bbox 1003 1754 1161 1823; x_wconf 87' lang='lat' dir='ltr'><strong>solatium</strong></span> 
     </span>
     <span class='ocr_line' id='line_1_13' title="bbox 86 1872 1160 1969; baseline -0.002 -31"><span class='ocrx_word' id='word_1_108' title='bbox 86 1887 185 1939; x_wconf 87' lang='lat' dir='ltr'><strong>tuum</strong></span> <span class='ocrx_word' id='word_1_109' title='bbox 205 1874 369 1942; x_wconf 79' lang='lat' dir='ltr'><strong>conferat.</strong></span> <span class='ocrx_word' id='word_1_110' title='bbox 392 1873 460 1944; x_wconf 88' lang='lat' dir='ltr'><strong>Sed</strong></span> <span class='ocrx_word' id='word_1_111' title='bbox 479 1892 592 1944; x_wconf 85' lang='lat' dir='ltr'><strong>tamen</strong></span> <span class='ocrx_word' id='word_1_112' title='bbox 613 1874 765 1969; x_wconf 77' lang='lat' dir='ltr'><strong>dispice,</strong></span> <span class='ocrx_word' id='word_1_113' title='bbox 789 1897 834 1942; x_wconf 91' lang='lat' dir='ltr'><strong>ue</strong></span> <span class='ocrx_word' id='word_1_114' title='bbox 846 1873 912 1942; x_wconf 87' lang='lat' dir='ltr'><strong>hoc</strong></span> <span class='ocrx_word' id='word_1_115' title='bbox 929 1872 1001 1965; x_wconf 89' lang='lat' dir='ltr'><strong>jam</strong></span> <span class='ocrx_word' id='word_1_116' title='bbox 1021 1891 1160 1963; x_wconf 87' lang='lat' dir='ltr'><strong>quoque</strong></span> 
     </span>
     <span class='ocr_line' id='line_1_14' title="bbox 82 1987 1161 2085; baseline 0.002 -31"><span class='ocrx_word' id='word_1_117' title='bbox 82 1989 197 2081; x_wconf 88' lang='lat' dir='ltr'><strong>ipsum</strong></span> <span class='ocrx_word' id='word_1_118' title='bbox 210 1991 256 2058; x_wconf 86' lang='lat' dir='ltr'><strong>sit</strong></span> <span class='ocrx_word' id='word_1_119' title='bbox 264 2014 510 2085; x_wconf 81' lang='lat' dir='ltr'><strong>supervacuum</strong></span> <span class='ocrx_word' id='word_1_120' title='bbox 521 2021 531 2078; x_wconf 81' lang='lat'>3</span> <span class='ocrx_word' id='word_1_121' title='bbox 543 1992 674 2085; x_wconf 83' lang='lat' dir='ltr'><strong>aliquid</strong></span> <span class='ocrx_word' id='word_1_122' title='bbox 684 1993 775 2060; x_wconf 88' lang='lat' dir='ltr'><strong>enim</strong></span> <span class='ocrx_word' id='word_1_123' title='bbox 785 2016 807 2059; x_wconf 87' lang='lat' dir='ltr'><strong>a</strong></span> <span class='ocrx_word' id='word_1_124' title='bbox 816 1990 914 2060; x_wconf 91' lang='lat' dir='ltr'><strong>nobis</strong></span> <span class='ocrx_word' id='word_1_125' title='bbox 922 2003 1045 2058; x_wconf 83' lang='lat' dir='ltr'><strong>natura</strong></span> <span class='ocrx_word' id='word_1_126' title='bbox 1055 1987 1161 2081; x_wconf 78' lang='lat' dir='ltr'><strong>exigi·</strong></span> 
     </span>
     <span class='ocr_line' id='line_1_15' title="bbox 84 2097 1200 2201; baseline 0 -29"><span class='ocrx_word' id='word_1_127' title='bbox 84 2110 174 2193; x_wconf 80' lang='lat' dir='ltr'><strong>tur²3</strong></span> <span class='ocrx_word' id='word_1_128' title='bbox 189 2106 268 2201; x_wconf 86' lang='lat' dir='ltr'><strong>plus</strong></span> <span class='ocrx_word' id='word_1_129' title='bbox 282 2110 432 2179; x_wconf 85' lang='lat' dir='ltr'><strong>vanitate</strong></span> <span class='ocrx_word' id='word_1_130' title='bbox 442 2097 667 2179; x_wconf 82' lang='lat' dir='ltr'><strong>contrahitur.</strong></span> <span class='ocrx_word' id='word_1_131' title='bbox 684 2113 865 2200; x_wconf 77' lang='lat' dir='ltr'><strong>Nunquam</strong></span> <span class='ocrx_word' id='word_1_132' title='bbox 878 2121 1064 2199; x_wconf 79' lang='lat' dir='ltr'><strong>autemego</strong></span> <span class='ocrx_word' id='word_1_133' title='bbox 1076 2131 1097 2174; x_wconf 87' lang='lat' dir='ltr'><strong>a</strong></span> <span class='ocrx_word' id='word_1_134' title='bbox 1110 2121 1157 2188; x_wconf 88' lang='lat' dir='ltr'><strong>te,</strong></span> <span class='ocrx_word' id='word_1_135' title='bbox 1183 2131 1200 2198; x_wconf 68' lang='lat'><strong><em>4</em></strong></span> 
     </span>
     <span class='ocr_line' id='line_1_16' title="bbox 82 2221 1160 2321; baseline 0.001 -32"><span class='ocrx_word' id='word_1_136' title='bbox 82 2246 128 2290; x_wconf 90' lang='lat' dir='ltr'><strong>ne</strong></span> <span class='ocrx_word' id='word_1_137' title='bbox 138 2246 181 2291; x_wconf 85' lang='lat' dir='ltr'><strong>ex</strong></span> <span class='ocrx_word' id='word_1_138' title='bbox 196 2237 429 2310; x_wconf 83' lang='lat' dir='ltr'><strong>totomoereas,</strong></span> <span class='ocrx_word' id='word_1_139' title='bbox 442 2228 587 2321; x_wconf 77' lang='lat' dir='ltr'><strong>exigam.</strong></span> <span class='ocrx_word' id='word_1_140' title='bbox 599 2230 642 2294; x_wconf 85' lang='lat' dir='ltr'><strong>Et</strong></span> <span class='ocrx_word' id='word_1_141' title='bbox 654 2227 724 2295; x_wconf 87' lang='lat' dir='ltr'><strong>scio</strong></span> <span class='ocrx_word' id='word_1_142' title='bbox 734 2226 881 2294; x_wconf 81' lang='lat' dir='ltr'><strong>inveniri</strong></span> <span class='ocrx_word' id='word_1_143' title='bbox 895 2221 1058 2316; x_wconf 84' lang='lat' dir='ltr'><strong>quosdam</strong></span> <span class='ocrx_word' id='word_1_144' title='bbox 1066 2222 1160 2291; x_wconf 76' lang='lat' dir='ltr'><strong>durae</strong></span> 
     </span>
     <span class='ocr_line' id='line_1_17' title="bbox 82 2338 1158 2438; baseline 0 -30"><span class='ocrx_word' id='word_1_145' title='bbox 82 2341 195 2434; x_wconf 82' lang='lat' dir='ltr'><strong>magis</strong></span> <span class='ocrx_word' id='word_1_146' title='bbox 210 2365 313 2434; x_wconf 88' lang='lat' dir='ltr'><strong>qnam</strong></span> <span class='ocrx_word' id='word_1_147' title='bbox 327 2342 424 2412; x_wconf 82' lang='lat' dir='ltr'><strong>fortis</strong></span> <span class='ocrx_word' id='word_1_148' title='bbox 437 2342 629 2438; x_wconf 69' lang='lat' dir='ltr'><strong>prudentia</strong></span> <span class='ocrx_word' id='word_1_149' title='bbox 640 2345 744 2427; x_wconf 87' lang='lat' dir='ltr'><strong>viros,</strong></span> <span class='ocrx_word' id='word_1_150' title='bbox 756 2342 816 2434; x_wconf 88' lang='lat' dir='ltr'><strong>qni</strong></span> <span class='ocrx_word' id='word_1_151' title='bbox 830 2355 959 2434; x_wconf 81' lang='lat' dir='ltr'><strong>negent</strong></span> <span class='ocrx_word' id='word_1_152' title='bbox 969 2338 1158 2408; x_wconf 80' lang='lat' dir='ltr'><strong>doliturum</strong></span> 
     </span>
     <span class='ocr_line' id='line_1_18' title="bbox 81 2449 1158 2554; baseline -0.005 -28"><span class='ocrx_word' id='word_1_153' title='bbox 81 2479 158 2526; x_wconf 82' lang='lat' dir='ltr'><strong>esse</strong></span> <span class='ocrx_word' id='word_1_154' title='bbox 172 2449 394 2554; x_wconf 80' lang='lat' dir='ltr'><strong>sapientem³.</strong></span> <span class='ocrx_word' id='word_1_155' title='bbox 414 2461 550 2530; x_wconf 86' lang='lat' dir='ltr'><strong>Hivero</strong></span> <span class='ocrx_word' id='word_1_156' title='bbox 563 2460 906 2551; x_wconf 82' lang='lat' dir='ltr'><strong>videnturnunquam</strong></span> <span class='ocrx_word' id='word_1_157' title='bbox 919 2458 955 2524; x_wconf 91' lang='lat' dir='ltr'><strong>in</strong></span> <span class='ocrx_word' id='word_1_158' title='bbox 963 2454 1158 2549; x_wconf 86' lang='lat' dir='ltr'><strong>hujusmodi</strong></span> 
     </span>
     <span class='ocr_line' id='line_1_19' title="bbox 80 2573 1159 2671; baseline -0.003 -28"><span class='ocrx_word' id='word_1_159' title='bbox 80 2597 199 2644; x_wconf 79' lang='lat' dir='ltr'><strong>nasum</strong></span> <span class='ocrx_word' id='word_1_160' title='bbox 231 2575 422 2666; x_wconf 87' lang='lat' dir='ltr'><strong>incidisse;</strong></span> <span class='ocrx_word' id='word_1_161' title='bbox 449 2577 601 2671; x_wconf 89' lang='lat' dir='ltr'><strong>alioquin</strong></span> <span class='ocrx_word' id='word_1_162' title='bbox 633 2578 832 2646; x_wconf 70' lang='lat' dir='ltr'><strong>excussisset</strong></span> <span class='ocrx_word' id='word_1_163' title='bbox 853 2575 921 2642; x_wconf 89' lang='lat' dir='ltr'><strong>illis</strong></span> <span class='ocrx_word' id='word_1_164' title='bbox 946 2573 1083 2642; x_wconf 79' lang='lat' dir='ltr'><strong>fortuna</strong></span> <span class='ocrx_word' id='word_1_165' title='bbox 1101 2596 1159 2641; x_wconf 90' lang='lat' dir='ltr'><strong>su-</strong></span> 
     </span>
     <span class='ocr_line' id='line_1_20' title="bbox 80 2690 1157 2786; baseline -0.005 -26"><span class='ocrx_word' id='word_1_166' title='bbox 80 2691 228 2784; x_wconf 89' lang='lat' dir='ltr'><strong>perbam</strong></span> <span class='ocrx_word' id='word_1_167' title='bbox 241 2694 453 2786; x_wconf 83' lang='lat' dir='ltr'><strong>sapientiam,</strong></span> <span class='ocrx_word' id='word_1_168' title='bbox 463 2709 498 2763; x_wconf 87' lang='lat' dir='ltr'><strong>et</strong></span> <span class='ocrx_word' id='word_1_169' title='bbox 511 2694 555 2763; x_wconf 88' lang='lat' dir='ltr'><strong>ad</strong></span> <span class='ocrx_word' id='word_1_170' title='bbox 568 2695 814 2764; x_wconf 79' lang='lat' dir='ltr'><strong>confessionem</strong></span> <span class='ocrx_word' id='word_1_171' title='bbox 826 2715 885 2761; x_wconf 85' lang='lat' dir='ltr'><strong>eos</strong></span> <span class='ocrx_word' id='word_1_172' title='bbox 897 2691 970 2760; x_wconf 85' lang='lat' dir='ltr'><strong>veri</strong></span> <span class='ocrx_word' id='word_1_173' title='bbox 982 2691 1083 2758; x_wconf 84' lang='lat' dir='ltr'><strong>etiam</strong></span> <span class='ocrx_word' id='word_1_174' title='bbox 1100 2690 1157 2756; x_wconf 93' lang='lat' dir='ltr'><strong>in-</strong></span> 
     </span>
     <span class='ocr_line' id='line_1_21' title="bbox 81 2806 1157 2904; baseline -0.002 -29"><span class='ocrx_word' id='word_1_175' title='bbox 81 2807 170 2877; x_wconf 84' lang='lat' dir='ltr'><strong>vitos</strong></span> <span class='ocrx_word' id='word_1_176' title='bbox 187 2809 420 2903; x_wconf 83' lang='lat' dir='ltr'><strong>compulisset.</strong></span> <span class='ocrx_word' id='word_1_177' title='bbox 439 2811 528 2880; x_wconf 85' lang='lat' dir='ltr'><strong>Satis</strong></span> <span class='ocrx_word' id='word_1_178' title='bbox 544 2812 740 2904; x_wconf 63' lang='lat' dir='ltr'><strong>praestiterit</strong></span> <span class='ocrx_word' id='word_1_179' title='bbox 757 2811 864 2892; x_wconf 88' lang='lat' dir='ltr'><strong>ratio,</strong></span> <span class='ocrx_word' id='word_1_180' title='bbox 887 2810 915 2878; x_wconf 86' lang='lat' dir='ltr'><strong>si</strong></span> <span class='ocrx_word' id='word_1_181' title='bbox 935 2806 972 2875; x_wconf 92' lang='lat' dir='ltr'><strong>id</strong></span> <span class='ocrx_word' id='word_1_182' title='bbox 990 2830 1096 2874; x_wconf 91' lang='lat' dir='ltr'><strong>unum</strong></span> <span class='ocrx_word' id='word_1_183' title='bbox 1115 2829 1157 2874; x_wconf 84' lang='lat' dir='ltr'><strong>ex</strong></span> 
     </span>
     <span class='ocr_line' id='line_1_22' title="bbox 79 2923 1157 3021; baseline -0.001 -29"><span class='ocrx_word' id='word_1_184' title='bbox 79 2923 224 3010; x_wconf 89' lang='lat' dir='ltr'><strong>dolore,</strong></span> <span class='ocrx_word' id='word_1_185' title='bbox 248 2926 342 3021; x_wconf 91' lang='lat' dir='ltr'><strong>quod</strong></span> <span class='ocrx_word' id='word_1_186' title='bbox 354 2941 388 2994; x_wconf 88' lang='lat' dir='ltr'><strong>et</strong></span> <span class='ocrx_word' id='word_1_187' title='bbox 407 2943 563 3021; x_wconf 81' lang='lat' dir='ltr'><strong>superest</strong></span> <span class='ocrx_word' id='word_1_188' title='bbox 575 2944 609 2997; x_wconf 89' lang='lat' dir='ltr'><strong>et</strong></span> <span class='ocrx_word' id='word_1_189' title='bbox 621 2926 793 3012; x_wconf 87' lang='lat' dir='ltr'><strong>abundat,</strong></span> <span class='ocrx_word' id='word_1_190' title='bbox 817 2925 1058 3010; x_wconf 76' lang='lat' dir='ltr'><strong>excideri13ut</strong></span> <span class='ocrx_word' id='word_1_191' title='bbox 1076 2925 1157 3015; x_wconf 90' lang='lat' dir='ltr'><strong>qui-</strong></span> 
     </span>
     <span class='ocr_line' id='line_1_23' title="bbox 80 3036 1156 3136; baseline -0.002 -28"><span class='ocrx_word' id='word_1_192' title='bbox 80 3038 160 3109; x_wconf 89' lang='lat' dir='ltr'><strong>dem</strong></span> <span class='ocrx_word' id='word_1_193' title='bbox 179 3040 312 3111; x_wconf 88' lang='lat' dir='ltr'><strong>nullum</strong></span> <span class='ocrx_word' id='word_1_194' title='bbox 333 3043 471 3110; x_wconf 91' lang='lat' dir='ltr'><strong>omnino</strong></span> <span class='ocrx_word' id='word_1_195' title='bbox 493 3065 568 3111; x_wconf 88' lang='lat' dir='ltr'><strong>esse</strong></span> <span class='ocrx_word' id='word_1_196' title='bbox 585 3067 662 3110; x_wconf 88' lang='lat' dir='ltr'><strong>sum</strong></span> <span class='ocrx_word' id='word_1_197' title='bbox 677 3043 846 3136; x_wconf 88' lang='lat' dir='ltr'><strong>patiatur,</strong></span> <span class='ocrx_word' id='word_1_198' title='bbox 866 3064 931 3109; x_wconf 86' lang='lat' dir='ltr'><strong>nec</strong></span> <span class='ocrx_word' id='word_1_199' title='bbox 948 3036 1156 3133; x_wconf 84' lang='lat' dir='ltr'><strong>sperandum</strong></span> 
     </span>
    </p>
   </div>
   <div class='ocr_carea' id='block_1_3' title="bbox 79 3153 1301 3251">
    <p class='ocr_par' dir='ltr' id='par_1_3' title="bbox 79 3153 1301 3251">
     <span class='ocr_line' id='line_1_24' title="bbox 79 3153 1301 3251; baseline 0.001 -30"><span class='ocrx_word' id='word_1_200' title='bbox 79 3155 167 3239; x_wconf 86' lang='lat' dir='ltr'><strong>ulli,</strong></span> <span class='ocrx_word' id='word_1_201' title='bbox 191 3180 257 3225; x_wconf 85' lang='lat' dir='ltr'><strong>nec</strong></span> <span class='ocrx_word' id='word_1_202' title='bbox 275 3157 585 3251; x_wconf 88' lang='lat' dir='ltr'><strong>concupiscendum</strong></span> <span class='ocrx_word' id='word_1_203' title='bbox 598 3173 661 3227; x_wconf 84' lang='lat' dir='ltr'><strong>est.</strong></span> <span class='ocrx_word' id='word_1_204' title='bbox 679 3161 780 3226; x_wconf 88' lang='lat' dir='ltr'><strong>Hunc</strong></span> <span class='ocrx_word' id='word_1_205' title='bbox 796 3157 910 3251; x_wconf 88' lang='lat' dir='ltr'><strong>potius</strong></span> <span class='ocrx_word' id='word_1_206' title='bbox 925 3153 1061 3223; x_wconf 88' lang='lat' dir='ltr'><strong>modum</strong></span> <span class='ocrx_word' id='word_1_207' title='bbox 1080 3172 1154 3220; x_wconf 84' lang='lat' dir='ltr'><strong>ser·</strong></span> <span class='ocrx_word' id='word_1_208' title='bbox 1176 3171 1194 3224; x_wconf 82' lang='lat'><strong>5</strong></span> <span class='ocrx_word' id='word_1_209' title='bbox 1299 3217 1301 3222; x_wconf 83' lang='grc'>.</span> 
     </span>
    </p>
   </div>
   <div class='ocr_carea' id='block_1_4' title="bbox 77 3273 1155 3602">
    <p class='ocr_par' dir='ltr' id='par_1_4' title="bbox 77 3273 1155 3602">
     <span class='ocr_line' id='line_1_25' title="bbox 79 3273 1155 3369; baseline -0.001 -30"><span class='ocrx_word' id='word_1_210' title='bbox 79 3290 157 3356; x_wconf 82' lang='lat' dir='ltr'><strong>vet,</strong></span> <span class='ocrx_word' id='word_1_211' title='bbox 178 3275 240 3368; x_wconf 89' lang='lat' dir='ltr'><strong>qui</strong></span> <span class='ocrx_word' id='word_1_212' title='bbox 267 3299 331 3344; x_wconf 87' lang='lat' dir='ltr'><strong>nee</strong></span> <span class='ocrx_word' id='word_1_213' title='bbox 347 3276 554 3369; x_wconf 85' lang='lat' dir='ltr'><strong>impietatem</strong></span> <span class='ocrx_word' id='word_1_214' title='bbox 578 3277 730 3344; x_wconf 87' lang='lat' dir='ltr'><strong>imitetur</strong></span> <span class='ocrx_word' id='word_1_215' title='bbox 747 3298 812 3344; x_wconf 87' lang='lat' dir='ltr'><strong>nec</strong></span> <span class='ocrx_word' id='word_1_216' title='bbox 833 3273 1020 3358; x_wconf 76' lang='lat' dir='ltr'><strong>insaniam3</strong></span> <span class='ocrx_word' id='word_1_217' title='bbox 1041 3286 1076 3339; x_wconf 89' lang='lat' dir='ltr'><strong>et</strong></span> <span class='ocrx_word' id='word_1_218' title='bbox 1094 3293 1155 3339; x_wconf 92' lang='lat' dir='ltr'><strong>nos</strong></span> 
     </span>
     <span class='ocr_line' id='line_1_26' title="bbox 80 3379 1152 3486; baseline -0.001 -30"><span class='ocrx_word' id='word_1_219' title='bbox 80 3390 116 3456; x_wconf 92' lang='lat' dir='ltr'><strong>in</strong></span> <span class='ocrx_word' id='word_1_220' title='bbox 137 3413 180 3458; x_wconf 89' lang='lat' dir='ltr'><strong>eo</strong></span> <span class='ocrx_word' id='word_1_221' title='bbox 200 3405 316 3460; x_wconf 84' lang='lat' dir='ltr'><strong>teneat</strong></span> <span class='ocrx_word' id='word_1_222' title='bbox 337 3390 458 3461; x_wconf 88' lang='lat' dir='ltr'><strong>habitu</strong></span> <span class='ocrx_word' id='word_1_223' title='bbox 482 3392 541 3484; x_wconf 88' lang='lat' dir='ltr'><strong>qui</strong></span> <span class='ocrx_word' id='word_1_224' title='bbox 569 3408 603 3460; x_wconf 89' lang='lat' dir='ltr'><strong>et</strong></span> <span class='ocrx_word' id='word_1_225' title='bbox 624 3393 688 3486; x_wconf 83' lang='lat' dir='ltr'><strong>piae</strong></span> <span class='ocrx_word' id='word_1_226' title='bbox 705 3393 827 3460; x_wconf 89' lang='lat' dir='ltr'><strong>mentis</strong></span> <span class='ocrx_word' id='word_1_227' title='bbox 845 3405 917 3473; x_wconf 86' lang='lat' dir='ltr'><strong>est,</strong></span> <span class='ocrx_word' id='word_1_228' title='bbox 938 3412 1003 3457; x_wconf 88' lang='lat' dir='ltr'><strong>nee</strong></span> <span class='ocrx_word' id='word_1_229' title='bbox 1021 3379 1152 3456; x_wconf 73' lang='lat' dir='ltr'><strong>motas‘.</strong></span> 
     </span>
     <span class='ocr_line' id='line_1_27' title="bbox 77 3504 1155 3602; baseline -0.006 -26"><span class='ocrx_word' id='word_1_230' title='bbox 77 3507 209 3576; x_wconf 80' lang='lat' dir='ltr'><strong>Fluant</strong></span> <span class='ocrx_word' id='word_1_231' title='bbox 221 3507 378 3602; x_wconf 69' lang='lat' dir='ltr'><strong>lacrymas</strong></span> <span class='ocrx_word' id='word_1_232' title='bbox 393 3559 403 3592; x_wconf 92' lang='lat'>,</span> <span class='ocrx_word' id='word_1_233' title='bbox 421 3507 482 3577; x_wconf 91' lang='lat' dir='ltr'><strong>sed</strong></span> <span class='ocrx_word' id='word_1_234' title='bbox 500 3508 626 3578; x_wconf 70' lang='lat' dir='ltr'><strong>eaedem</strong></span> <span class='ocrx_word' id='word_1_235' title='bbox 644 3506 814 3593; x_wconf 79' lang='lat' dir='ltr'><strong>desinant3</strong></span> <span class='ocrx_word' id='word_1_236' title='bbox 834 3504 1014 3574; x_wconf 85' lang='lat' dir='ltr'><strong>trahantur</strong></span> <span class='ocrx_word' id='word_1_237' title='bbox 1033 3527 1074 3570; x_wconf 85' lang='lat' dir='ltr'><strong>ex</strong></span> <span class='ocrx_word' id='word_1_238' title='bbox 1085 3504 1155 3571; x_wconf 87' lang='lat' dir='ltr'><strong>imo</strong></span> 
     </span>
    </p>
   </div>
   <div class='ocr_carea' id='block_1_5' title="bbox 75 3725 1155 4264">
    <p class='ocr_par' dir='ltr' id='par_1_5' title="bbox 77 3725 1155 3957">
     <span class='ocr_line' id='line_1_28' title="bbox 114 3725 1155 3803; baseline -0.003 -25"><span class='ocrx_word' id='word_1_239' title='bbox 114 3745 136 3778; x_wconf 91' lang='grc' dir='ltr'><strong>ι.</strong></span> <span class='ocrx_word' id='word_1_240' title='bbox 146 3727 259 3791; x_wconf 79' lang='lat' dir='ltr'><strong>Adesse.</strong></span> <span class='ocrx_word' id='word_1_241' title='bbox 269 3749 315 3802; x_wconf 82' lang='lat' dir='ltr'><strong>prs</strong></span> <span class='ocrx_word' id='word_1_242' title='bbox 325 3729 485 3803; x_wconf 73' lang='lat' dir='ltr'><strong>panucinari.</strong></span> <span class='ocrx_word' id='word_1_243' title='bbox 495 3729 592 3783; x_wconf 72' lang='lat' dir='ltr'><strong>Eadem</strong></span> <span class='ocrx_word' id='word_1_244' title='bbox 641 3741 706 3782; x_wconf 75' lang='lat' dir='ltr'><strong>reeta</strong></span> <span class='ocrx_word' id='word_1_245' title='bbox 715 3732 845 3783; x_wconf 63' lang='lat' dir='ltr'><strong>Aratum</strong></span> <span class='ocrx_word' id='word_1_246' title='bbox 852 3726 939 3798; x_wconf 74' lang='lat' dir='ltr'><strong>loqui,</strong></span> <span class='ocrx_word' id='word_1_247' title='bbox 951 3725 1021 3797; x_wconf 79' lang='lat' dir='ltr'><strong>eujus</strong></span> <span class='ocrx_word' id='word_1_248' title='bbox 1029 3735 1155 3798; x_wconf 66' lang='lat' dir='ltr'><strong>precepta</strong></span> 
     </span>
     <span class='ocr_line' id='line_1_29' title="bbox 77 3803 1153 3881; baseline -0.002 -25"><span class='ocrx_word' id='word_1_249' title='bbox 77 3823 129 3857; x_wconf 78' lang='lat' dir='ltr'><strong>vox</strong></span> <span class='ocrx_word' id='word_1_250' title='bbox 146 3803 236 3856; x_wconf 78' lang='lat' dir='ltr'><strong>endem</strong></span> <span class='ocrx_word' id='word_1_251' title='bbox 252 3824 327 3860; x_wconf 75' lang='lat' dir='ltr'><strong>unsa</strong></span> <span class='ocrx_word' id='word_1_252' title='bbox 341 3807 451 3861; x_wconf 73' lang='lat' dir='ltr'><strong>oaemrit</strong></span> <span class='ocrx_word' id='word_1_253' title='bbox 469 3807 496 3862; x_wconf 79' lang='lat' dir='ltr'><strong>ia</strong></span> <span class='ocrx_word' id='word_1_254' title='bbox 514 3805 591 3862; x_wconf 74' lang='lat' dir='ltr'><strong>cons.</strong></span> <span class='ocrx_word' id='word_1_255' title='bbox 643 3822 667 3861; x_wconf 84' lang='lat' dir='ltr'><strong>et</strong></span> <span class='ocrx_word' id='word_1_256' title='bbox 678 3807 838 3881; x_wconf 79' lang='lat' dir='ltr'><strong>disciplinam</strong></span> <span class='ocrx_word' id='word_1_257' title='bbox 849 3815 969 3880; x_wconf 81' lang='lat' dir='ltr'><strong>perpetuo</strong></span> <span class='ocrx_word' id='word_1_258' title='bbox 983 3803 1153 3858; x_wconf 73' lang='lat' dir='ltr'><strong>sommenda-</strong></span> 
     </span>
     <span class='ocr_line' id='line_1_30' title="bbox 77 3881 1155 3957; baseline -0.002 -23"><span class='ocrx_word' id='word_1_259' title='bbox 77 3882 110 3934; x_wconf 73' lang='lat' dir='ltr'><strong>nd</strong></span> <span class='ocrx_word' id='word_1_260' title='bbox 123 3883 206 3934; x_wconf 78' lang='lat' dir='ltr'><strong>Marc.</strong></span> <span class='ocrx_word' id='word_1_261' title='bbox 218 3901 239 3934; x_wconf 85' lang='lat' dir='ltr'><strong>e.</strong></span> <span class='ocrx_word' id='word_1_262' title='bbox 251 3901 274 3946; x_wconf 80' lang='lat'><strong>⁷·</strong></span> <span class='ocrx_word' id='word_1_263' title='bbox 641 3885 699 3950; x_wconf 84' lang='lat' dir='ltr'><strong>vit;</strong></span> <span class='ocrx_word' id='word_1_264' title='bbox 724 3905 807 3956; x_wconf 80' lang='lat' dir='ltr'><strong>aeque</strong></span> <span class='ocrx_word' id='word_1_265' title='bbox 828 3882 889 3937; x_wconf 77' lang='lat' dir='ltr'><strong>ltine</strong></span> <span class='ocrx_word' id='word_1_266' title='bbox 911 3902 1002 3957; x_wconf 79' lang='lat' dir='ltr'><strong>parum</strong></span> <span class='ocrx_word' id='word_1_267' title='bbox 1023 3881 1155 3936; x_wconf 80' lang='lat' dir='ltr'><strong>firmitatis</strong></span> 
     </span>
    </p>

    <p class='ocr_par' dir='ltr' id='par_1_6' title="bbox 111 3957 1150 4036">
     <span class='ocr_line' id='line_1_31' title="bbox 111 3957 1150 4036; baseline -0.001 -25"><span class='ocrx_word' id='word_1_268' title='bbox 111 3957 476 4036; x_wconf 63' lang='lat' dir='ltr'><strong>2.Exi51&#39;tur.l.ips.lt&#39;oeigil.</strong></span> <span class='ocrx_word' id='word_1_269' title='bbox 641 3960 1150 4035; x_wconf 68' lang='lat' dir='ltr'><strong>summopininuiadestquidnnoeanum</strong></span> 
     </span>
    </p>

    <p class='ocr_par' dir='ltr' id='par_1_7' title="bbox 75 4037 1152 4264">
     <span class='ocr_line' id='line_1_32' title="bbox 110 4037 1014 4116; baseline 0.001 -27"><span class='ocrx_word' id='word_1_270' title='bbox 110 4039 135 4090; x_wconf 84' lang='lat'><strong>3.</strong></span> <span class='ocrx_word' id='word_1_271' title='bbox 149 4037 250 4092; x_wconf 71' lang='lat' dir='ltr'><strong>Elaris</strong></span> <span class='ocrx_word' id='word_1_272' title='bbox 262 4043 415 4094; x_wconf 55' lang='lat' dir='ltr'><strong>inveniris...</strong></span> <span class='ocrx_word' id='word_1_273' title='bbox 424 4061 479 4096; x_wconf 77' lang='lat' dir='ltr'><strong>etse</strong></span> <span class='ocrx_word' id='word_1_274' title='bbox 488 4044 592 4112; x_wconf 82' lang='lat' dir='ltr'><strong>sapien·</strong></span> <span class='ocrx_word' id='word_1_275' title='bbox 640 4041 762 4116; x_wconf 82' lang='lat' dir='ltr'><strong>hocopus</strong></span> <span class='ocrx_word' id='word_1_276' title='bbox 772 4059 824 4094; x_wconf 81' lang='lat' dir='ltr'><strong>aste</strong></span> <span class='ocrx_word' id='word_1_277' title='bbox 835 4039 932 4092; x_wconf 77' lang='lat' dir='ltr'><strong>inficias</strong></span> <span class='ocrx_word' id='word_1_278' title='bbox 946 4051 1014 4091; x_wconf 83' lang='lat' dir='ltr'><strong>eunt.</strong></span> 
     </span>
     <span class='ocr_line' id='line_1_33' title="bbox 75 4115 1152 4185; baseline 0.001 -16"><span class='ocrx_word' id='word_1_279' title='bbox 75 4125 137 4170; x_wconf 72' lang='lat' dir='ltr'><strong>tem.</strong></span> <span class='ocrx_word' id='word_1_280' title='bbox 150 4116 252 4171; x_wconf 74' lang='lat' dir='ltr'><strong>Stultos</strong></span> <span class='ocrx_word' id='word_1_281' title='bbox 262 4117 305 4172; x_wconf 78' lang='lat' dir='ltr'><strong>laic</strong></span> <span class='ocrx_word' id='word_1_282' title='bbox 319 4121 403 4174; x_wconf 84' lang='lat' dir='ltr'><strong>notari</strong></span> <span class='ocrx_word' id='word_1_283' title='bbox 418 4120 515 4174; x_wconf 81' lang='lat' dir='ltr'><strong>nemini</strong></span> <span class='ocrx_word' id='word_1_284' title='bbox 530 4140 590 4175; x_wconf 83' lang='lat' dir='ltr'><strong>sane</strong></span> <span class='ocrx_word' id='word_1_285' title='bbox 672 4121 696 4185; x_wconf 75' lang='grc'><strong>4.</strong></span> <span class='ocrx_word' id='word_1_286' title='bbox 715 4118 805 4173; x_wconf 79' lang='lat' dir='ltr'><strong>Muta.</strong></span> <span class='ocrx_word' id='word_1_287' title='bbox 822 4119 860 4172; x_wconf 81' lang='lat' dir='ltr'><strong>Ex</strong></span> <span class='ocrx_word' id='word_1_288' title='bbox 877 4116 953 4171; x_wconf 81' lang='lat' dir='ltr'>MSS.</span> <span class='ocrx_word' id='word_1_289' title='bbox 976 4117 1091 4171; x_wconf 81' lang='lat' dir='ltr'><strong>Gronov.</strong></span> <span class='ocrx_word' id='word_1_290' title='bbox 1109 4115 1152 4170; x_wconf 82' lang='lat' dir='ltr'><strong>dat</strong></span> 
     </span>
     <span class='ocr_line' id='line_1_34' title="bbox 77 4195 737 4264; baseline -0.006 -11"><span class='ocrx_word' id='word_1_291' title='bbox 77 4195 186 4254; x_wconf 74' lang='lat' dir='ltr'><strong>dubium</strong></span> <span class='ocrx_word' id='word_1_292' title='bbox 202 4197 265 4264; x_wconf 62' lang='lat' dir='ltr'><strong>erin</strong></span> <span class='ocrx_word' id='word_1_293' title='bbox 284 4209 307 4250; x_wconf 84' lang='lat' dir='ltr'><strong>et</strong></span> <span class='ocrx_word' id='word_1_294' title='bbox 325 4195 420 4254; x_wconf 83' lang='lat' dir='ltr'><strong>mirum</strong></span> <span class='ocrx_word' id='word_1_295' title='bbox 435 4198 469 4252; x_wconf 79' lang='lat' dir='ltr'><strong>iu</strong></span> <span class='ocrx_word' id='word_1_296' title='bbox 492 4199 524 4252; x_wconf 83' lang='lat' dir='ltr'><strong>da</strong></span> <span class='ocrx_word' id='word_1_297' title='bbox 542 4198 590 4254; x_wconf 81' lang='lat' dir='ltr'><strong>hac</strong></span> <span class='ocrx_word' id='word_1_298' title='bbox 638 4207 737 4254; x_wconf 78' lang='lat' dir='ltr'><strong>mwtoe.</strong></span> 
     </span>
    </p>
   </div>
   <div class='ocr_carea' id='block_1_6' title="bbox 0 0 1488 4948">
    <p class='ocr_par' dir='ltr' id='par_1_8' title="bbox 0 0 1488 4948">
     <span class='ocr_line' id='line_1_35' title="bbox 0 0 1488 4948; baseline 0 2"><span class='ocrx_word' id='word_1_299' title='bbox 0 0 1488 4948; x_wconf 95' lang='lat' dir='ltr'><strong> </strong></span> 
     </span>
    </p>
   </div>
  </div>
 </body>
</html>
