2966 4948
296 475 363 560 234
442 471 510 543 so
536 469 817 542 rotumum
840 465 1210 543 cousousrro.

294 605 399 676 Italiae
408 629 447 674 ac
456 595 579 674 Siciliae
590 626 667 671 oras
681 596 898 670 errabundus
907 603 1125 694 permetiens,
1144 619 1178 671 et
1190 627 1366 698 nunquam
1476 585 1477 642 l

295 723 377 791 satis
394 731 517 791 'certus
538 737 652 789 utrum
670 717 804 812 lugeri¹
825 715 948 801 vellet,
968 741 1012 786 an
1031 719 1098 788 coli
1111 742 1277 788 sororem.
1299 723 1366 790 Eo-

296 833 373 904 dem
389 837 479 904 enim
499 853 650 929 tempore
668 857 736 925 quo
746 833 875 926 templa
891 833 944 900 illi
960 834 1186 926 constituebat
1199 859 1240 904 ac
1253 837 1369 930 pulvi-

295 955 405 1036 naria,
427 976 483 1022 eos
500 955 560 1045 qui
577 971 698 1046 porum
722 951 831 1018 moesti
851 949 1007 1031 lucrant,
1029 949 1262 1022 crudelissima
1285 954 1367 1022 affi-

253 1075 271 1129 t
296 1065 409 1136 ciebat
435 1063 742 1136 animadversione.
775 1060 901 1132 Eadem
926 1064 1018 1131 enim
1036 1065 1241 1158 intemperie
1258 1069 1367 1137 animi

294 1180 515 1251 adversarum
529 1207 644 1252 rerum
670 1182 757 1249 ictus
769 1179 917 1259 ferebat,
936 1203 1004 1271 qua
1017 1180 1244 1252 secundarum
1258 1183 1368 1252 elatus

296 1317 436 1386 eventu,
457 1323 560 1393 supra
583 1299 770 1368 humanum
793 1296 1039 1366 intumescebat
1063 1296 1213 1367 modum.
1242 1299 1368 1368 Procul

295 1414 387 1484 istud
405 1417 595 1510 exemplum
619 1415 663 1483 ab
680 1417 833 1508 Romano
850 1415 947 1497 viro,
970 1415 1099 1484 luctum
1121 1439 1218 1484 suum
1235 1431 1297 1484 aut
1313 1417 1369 1484 in-

296 1534 503 1626 tempestivis
529 1556 672 1602 avocarc
696 1530 847 1613 lusibus,
871 1545 930 1599 aut
955 1530 1106 1600 sordium
1124 1553 1165 1599 ac
1187 1530 1372 1624 sqrmlloris

296 1648 446 1718 loeditate
465 1650 621 1732 irritare,
650 1665 712 1718 aut
737 1648 859 1718 alicnis
888 1648 985 1716 malis
1010 1648 1205 1733 oblectare,
1226 1650 1369 1718 minime

295 1763 446 1832 humano
465 1765 596 1834 solatio.
612 1765 695 1836 Tibi
713 1789 795 1834 vero
809 1763 896 1833 nibil
914 1789 955 1833 ex
974 1763 1220 1834 cousuetudine
1234 1780 1370 1834 mutau-

295 1876 378 1948 dum
404 1893 484 1962 tua,
512 1883 672 1974 quoniam
697 1879 837 1974 quidem
857 1905 897 1950 ea
923 1883 1097 1951 instituisti
1115 1905 1229 1951 amare
1255 1880 1369 1951 studia

296 2019 371 2088 quae
385 2013 419 2065 et
436 1999 561 2091 optime
578 1997 774 2068 felicitatem
789 1999 969 2083 extollunt,
986 2015 1021 2067 et
1035 1998 1193 2069 facillime
1208 2001 1370 2069 minuunt

295 2114 519 2183 calamitatem
534 2144 543 2202 3
564 2113 751 2209 eademque
764 2131 799 2185 et
818 2131 1015 2185 ornamenta
1034 2117 1210 2185 bominum
1223 2119 1369 2186 maxima

296 2247 376 2298 suut
394 2247 431 2299 et
444 2231 573 2300 solatia.

344 2349 526 2417 XXXVII.
545 2351 646 2418 Nunc
664 2351 778 2442 itaque
793 2365 826 2418 te
838 2349 959 2418 studiis
977 2352 1045 2419 tuis
1061 2352 1226 2445 immerge
1238 2351 1368 2438 altius3

295 2487 389 2531 nunc
404 2464 463 2532 illa
481 2465 545 2533 tibi
558 2465 653 2534 velut
670 2467 879 2534 munimenta
895 2467 1000 2534 animi
1021 2465 1217 2551 circumda,
1245 2489 1312 2534 nec
1327 2488 1370 2533 ex

296 2579 367 2648 ulla
386 2583 436 2650 tui
460 2598 558 2675 parte
575 2583 728 2651 iuveniat
745 2583 921 2651 introitum
938 2581 1049 2651 dolor.
1079 2583 1211 2651 Fratris
1228 2606 1370 2676 quoque

297 2697 348 2763 tui
362 2697 497 2790 produc
512 2700 707 2768 memoriam
716 2699 832 2793 aliquo
847 2701 1050 2792 scriptorum
1065 2713 1282 2768 monumento
1294 2714 1372 2767 tuo-

299 2835 387 2880 rum.
411 2817 484 2884 Hoc
500 2817 591 2883 euim
608 2837 714 2883 unum
733 2830 785 2883 est
801 2814 906 2883 rebus
926 2815 1084 2883 humanis
1102 2815 1255 2908 opuscul
1274 2815 1372 2882 nulla

298 2941 480 3023 tempestas
501 2945 633 3013 noceat,
651 2929 743 3023 quod
759 2929 854 2999 nulla
866 2947 1041 3000 consumat
1058 2945 1228 2999 vetustas:
1249 2944 1373 2998 caetera

217 3095 220 3102 .
300 3067 375 3135 quae
392 3067 456 3136 per
465 3047 746 3116 constructionem
762 3046 914 3140 lapidum
928 3062 963 3116 et
975 3070 1180 3116 marmoreas
1193 3045 1298 3114 moles
1312 3060 1374 3115 aut

301 3173 455 3229 terrenos
482 3162 627 3231 tumulos
648 3163 685 3230 in
704 3187 861 3257 maguam
883 3162 1022 3233 eductos
1044 3162 1262 3232 altitudinem
1284 3185 1372 3230 con-

300 3290 403 3359 stant,
418 3301 488 3347 uon
500 3279 739 3374 propag-abunt
753 3280 889 3375 longam
907 3278 998 3350 diem
1011 3309 1020 3369 3
1039 3282 1167 3374 quippe
1182 3280 1303 3373 etipsa
1317 3280 1375 3347 iu-

259 3422 275 3454 2
301 3408 448 3463 terenut.
458 3397 661 3465 Immortalis
679 3411 730 3465 cst
743 3398 876 3492 ingenii
892 3398 1055 3468 memoria
1068 3423 1076 3464 ε
1087 3397 1177 3465 hauc
1195 3412 1253 3464 tuo
1272 3397 1372 3463 lratri

300 3509 440 3605 largire,
452 3513 487 3580 in
501 3513 652 3582 haceum
663 3512 804 3582 colloca.
819 3515 944 3584 Melius
956 3513 1053 3583 illum
1063 3513 1227 3582 duraturo
1237 3536 1375 3606 semper

300 3628 514 3702 consecrabis
537 3630 700 3723 iugenio,
725 3655 828 3722 quam
842 3631 942 3700 irrito
960 3630 1078 3699 dolore
1096 3624 1244 3723 lugebis.
1266 3627 1376 3721 Quod

301 3740 471 3838 adipsum
494 3745 662 3816 lortrmam
681 3748 848 3841 pertinet,
873 3749 1005 3818 etiamsi
1033 3771 1126 3816 nunc
1148 3749 1205 3842 agi
1224 3745 1319 3840 apud
1337 3763 1373 3815 te

339 3997 359 4031 ι.
369 3980 472 4051 higen.
489 3983 524 4036 Ut
531 3981 680 4046 bominem
696 3987 766 4051 coli;
784 3997 814 4039 ut
862 3985 989 4038 litterariis
1004 3985 1082 4038 simul
1098 3996 1123 4039 et
1137 3983 1221 4040 fratris
1236 3983 1308 4036 lsutli
1328 3983 1377 4036 iu-

304 4057 394 4111 Dssmn
863 4065 982 4118 cumbere
999 4065 1073 4118 facile
1087 4065 1173 4138 possit,
1188 4063 1260 4116 illius
1271 4061 1339 4116 dieu
1352 4077 1379 4120 ot

296 4139 301 4151 '
340 4137 711 4206 XXXVll.An6.Moereutem
724 4161 754 4194 eo
768 4162 815 4196 no·
863 4145 929 4196 faeta
954 4143 1053 4217 scriptis
1077 4143 1247 4215 exprimendo.
1274 4141 1378 4196 Stoicos

306 4212 399 4268 minsa
412 4235 519 4272 maerore
529 4231 632 4284 avocat,
649 4218 717 4291 quoti
727 4218 816 4274 studiis
864 4221 1134 4296 scenimeredtrguit3
1143 4221 1234 4293 dequo
1242 4219 1380 4274 vislmotss·
