2976 4950
422 429 522 500 ule.
548 431 631 516 ΙΙΙ,
657 429 768 500 CA'P.
794 429 947 500 xxlx.
1150 435 1218 532 447

143 559 295 645 nabes',
311 559 384 628 sire
397 559 637 653 proceritatem
650 561 807 642 adimes,
821 558 1022 648 altissimam
1038 561 1111 632 sire
1125 585 1218 634 crae-

142 674 327 745 s'itudinem
345 675 559 768 spatiumque
574 699 744 745 rumorum
755 674 935 760 ,latissime
950 677 1062 747 insat*
1082 705 1090 745 ι
1108 705 1219 772 quan-

140 789 253 861 tulum
272 807 324 862 est
342 789 398 862 his
413 807 644 887 comparatum
660 791 747 861 illud
757 842 770 878 ‚
792 793 884 884 quod
901 793 997 862 radix
1015 796 1110 864 tenui
1130 795 1218 866 libra

141 907 408 1003 complectitur?
421 909 621 980 Innituntur
635 909 864 979 fundamentis
877 911 947 979 suis
961 912 1099 1005 temple,
1114 928 1149 982 et
1158 913 1217 982 illa

140 1023 241 1094 urbis
255 1027 379 1094 moenia
397 1052 404 1092 :
421 1039 533 1094 tamen
556 1048 632 1118 quae
652 1027 689 1094 in
710 1027 961 1095 firmamentum
983 1029 1085 1096 totius
1104 1032 1217 1123 operis

135 1141 231 1235 jacta
246 1159 342 1229 sunt,
360 1141 478 1212 latent.
500 1141 596 1211 Idem
612 1143 648 1210 in
663 1143 794 1212 caeteris
812 1145 925 1212 evenit
945 1171 953 1212 ι
969 1147 1140 1241 principia
1156 1171 1217 1218 sua

139 1281 277 1353 semper
296 1283 443 1352 sequens
460 1256 661 1354 magnitudo
679 1257 806 1328 obruit.
826 1261 903 1328 Non
917 1263 1101 1354 potuissem
1112 1263 1212 1356 quid·
1239 1290 1254 1341 s

136 1399 244 1468 quam
257 1377 441 1469 consequi,
458 1377 524 1444 nisi
537 1389 718 1468 parentum
735 1374 940 1456 beneficium
953 1381 1189 1450 antecessisset
1203 1409 1210 1448 ε

137 1489 202 1561 scd
226 1517 294 1562 non
309 1491 387 1562 ideo
405 1491 575 1585 quidquid
597 1505 799 1561 consecutus
817 1516 891 1562 sum
902 1543 914 1578 ,
935 1494 1048 1562 minus
1071 1511 1123 1563 est
1145 1521 1210 1578 eo,

138 1607 215 1678 sine
231 1633 300 1702 quo
320 1620 522 1677 consecutus
538 1630 608 1676 non
625 1629 746 1675 essem.
767 1609 842 1676 Nisi
865 1633 920 1679 me
944 1611 1058 1678 nutrix
1076 1611 1215 1682 aluisset

137 1725 328 1810 infantem,
348 1726 437 1795 nihil
456 1747 591 1809 eorum,
610 1747 686 1817 quae
705 1725 846 1794 consilio
864 1750 905 1795 ac
921 1751 1024 1796 manu
1043 1751 1142 1820 gero,
1162 1731 1215 1798 fa·

136 1863 219 1910 cere
228 1844 426 1936 potuissem,
439 1865 504 1910 nee
516 1840 553 1910 in
564 1842 654 1909 hanc
663 1863 840 1937 emergere
849 1845 998 1912 nominis
1009 1845 1210 1932 claritatem,

135 1981 240 2050 quam
254 1959 348 2028 civili
363 1982 405 2027 ce
422 1956 562 2026 militari
581 1953 749 2026 industria
762 1960 873 2027 merui
892 1985 900 2025 ι
915 1959 1084 2052 numquid
1099 1977 1212 2032 tamen

134 2061 215 2144 ideo
237 2077 392 2144 maximis
413 2073 574 2170 operibus
592 2073 755 2168 praeferes
778 2077 924 2146 nutricis
947 2069 1147 2147 officium³l
1167 2080 1213 2149 At
1255 2055 1258 2062 Ι

135 2189 223 2282 qnid
240 2191 404 2275 interest,
428 2213 533 2283 quum
555 2213 652 2284 teque
670 2191 744 2259 aine
768 2191 875 2284 patris
893 2193 1082 2278 beneficio,
1109 2219 1211 2288 quam

134 2302 212 2374 aine
225 2307 370 2375 nutricis
388 2299 581 2389 somenu‘,
605 2329 675 2376 non
692 2310 862 2400 potuerim
882 2311 926 2378 ad
945 2310 1109 2381 ulteriora
1126 2335 1209 2407 pro·

133 2417 288 2490 cedere?

132 2601 197 2642 tunc
215 2589 334 2664 temporit
346 2589 446 2664 imperii
463 2609 528 2643 rom,
541 2591 645 2644 termini
728 2588 752 2640 3.
761 2587 885 2660 Officium
896 2589 917 2641 Ι.
928 2589 1105 2645 ministerium.
1115 2593 1156 2647 (ΙΙ.
1167 2614 1208 2648 su-

134 2681 236 2722 crant·
694 2669 961 2741 prac.18,1:nam
982 2670 1205 2740 nutricetffmias,

170 2763 193 2800 t.
208 2745 450 2819 decsimagnu
462 2745 580 2800 ubotm
595 2765 645 2816 qna
692 2746 791 2800 servilis
798 2747 867 2800 lucre
873 2745 1029 2802 conditionis
1035 2751 1207 2824 etspudGrn·

129 2823 318 2898 significatione
341 2823 481 2900 prasertim
497 2824 577 2896 postis
590 2825 644 2878 htcc
694 2845 737 2878 cos
748 2837 773 2878 ct
783 2844 822 2900 ap.
833 2826 909 2879 Rom.

129 2904 220 2956 vorin
231 2924 279 2957 usu
290 2901 339 2957 tuit
350 2902 535 2974 :quamobrem
544 2901 645 2955 Nonius
726 2903 751 2970 4.
776 2901 868 2974 Quam
885 2907 942 2957 cine
962 2905 1069 2958 nutritis
1079 2905 1207 2978 sorrentu.

129 2975 248 3034 Mucell.
260 3001 282 3034 c.
294 3001 317 3047 a,
331 2981 381 3047 845
392 2982 564 3052 fragmentum
577 2981 644 3032 Var-
694 2979 863 3047 Ultimos,
875 3001 932 3054 qun
939 2982 968 3036 in
979 2983 1110 3038 Erasmica
1122 2999 1147 3038 et
1156 3005 1206 3038 an·

129 3057 539 3112 runisattulitUsitatiorroxiuit
552 3055 645 3129 dclig-
693 3056 738 3130 tiq.
758 3059 816 3113 cdd.
835 3073 977 3136 comparet.
1000 3061 1155 3116 desideratur
1177 3059 1204 3116 in

131 3136 175 3189 nis
195 3137 331 3208 compactis
347 3176 355 3203 ,
376 3136 407 3188 dc
422 3133 548 3188 columnis
563 3175 570 3202 ,
598 3147 643 3188 etc.
694 3136 766 3190 Pinc.
778 3149 803 3190 ct
814 3135 888 3191 Grut.
900 3137 975 3192 codd.
987 3135 1095 3210 ideoque
1107 3158 1121 3192 ι·
1131 3137 1204 3194 Pinc.

132 3215 261 3270 Ceterum
271 3234 347 3287 quam
357 3215 387 3268 in
398 3215 589 3269 crassitudinem
601 3217 645 3270 in·
693 3225 717 3266 ct
725 3213 798 3267 Grnt.
809 3215 886 3288 ejecta
898 3229 942 3269 cst.
954 3217 1005 3270 Sed
1016 3231 1204 3272 ncrusscntcn·

128 3294 232 3349 turdum
240 3292 486 3348 excrescantarbores
494 3292 643 3348 incredibile
693 3291 736 3345 tie
748 3292 993 3365 camposcit‚ctlicct
1003 3297 1203 3366 beneficioctiam

129 3377 213 3428 cstln
221 3375 302 3428 AEtna
312 3371 388 3426 arbor
397 3370 513 3442 quaedam
521 3384 557 3424 cet
565 3391 641 3444 quam
691 3367 743 3422 lruc
753 3369 936 3438 trahas,tamcn
947 3391 1068 3426 mancum
1077 3375 1139 3445 qnid
1150 3395 1204 3428 ora·

129 3448 415 3510 scicntomnct‚nccdc
428 3448 476 3502 hoc
485 3447 643 3502 hodieduhi-
691 3443 728 3500 tio
741 3460 832 3512 sonat,
844 3463 898 3500 nort
909 3467 922 3500 e
934 3467 1003 3501 merc
1016 3449 1119 3503 Senecae
1140 3469 1146 3503 :
1165 3452 1206 3504 io·

129 3527 643 3606 tarclicct‚ccntnmstqninquagintspc·
692 3537 805 3578 mentum
815 3524 1080 3602 denutrimcntoapud
1089 3543 1202 3584 nostrum

129 3611 175 3664 de.
185 3610 326 3664 incircuitu
331 3608 432 3662 habere.
442 3609 476 3662 Et
483 3609 510 3660 in
518 3607 643 3662 American
691 3621 793 3674 quoquc
807 3601 931 3667 occurrit,
941 3603 1019 3676 Epist.
1036 3625 1080 3658 roa
1091 3644 1099 3671 ‚
1113 3605 1145 3659 ιθ
1156 3626 1163 3660 t
1173 3629 1203 3661 cs

128 3688 272 3760 Airicnqnc
289 3687 436 3740 nemoribus
450 3685 541 3740 multas
560 3687 643 3741 trabes
692 3694 865 3734 maternorum
882 3680 1006 3734 viscerum
1018 3682 1101 3736 calido
1113 3685 1201 3738 molli-

129 3765 262 3818 mniom
276 3785 328 3819 em
342 3766 411 3818 fama
422 3777 459 3818 ut
472 3802 480 3828 ‚
495 3763 548 3836 ejus
560 3763 643 3838 inpri-
692 3777 741 3830 que
751 3759 873 3810 somnio-
882 3757 944 3811 Nil·
954 3758 1004 3827 Qu
1018 3759 1055 3813 lv
1065 3798 1075 3834 ,¹
1090 3760 1119 3813 13
1133 3763 1200 3818 med.

128 3841 179 3894 mi,
189 3842 288 3897 ultori,
300 3861 358 3914 qm
368 3833 483 3896 Bwbab
500 3841 579 3916 vulgo
594 3842 640 3895 di.
693 3835 809 3890 Omnino
830 3836 861 3889 dc
881 3856 1031 3911 quacunque
1050 3860 1077 3894 re
1101 3839 1200 3896 dolores

127 3919 202 3974 citur.
688 3912 822 3986 mitigante
839 3913 868 3966 in
881 3934 929 3968 usu
949 3929 1014 3982 crat,
1033 3935 1055 3969 e.
1072 3938 1094 3970 c.
1109 3919 1198 3972 llorat.

162 4021 187 4054 a.
202 3999 443 4073 Latisssinesutat.
453 3999 508 4054 Cic.
524 4001 556 4053 de
568 4001 639 4054 Orat·
688 3987 753 4066 EPP·
765 3992 788 4056 l,
802 4011 826 4055 Ιἰ
841 3996 870 4044 5²
884 3989 928 4044 'lili
940 4012 1001 4045 ⁰²¹⁸
1015 4012 1073 4047 tum
1087 3993 1198 4048 Buhtrl⁰

125 4077 156 4140 1,
173 4096 186 4146 7
201 4076 336 4150 exprimit,
357 4077 491 4130 Platonem
512 4076 536 4129 x
553 4097 577 4150 p.
593 4073 640 4128 286
678 4069 1198 4142 fomentopodogrammntssintomenra

125 4153 179 4224 bip.
190 4153 308 4219 inritam
323 4153 439 4226 platanus
441 4188 489 4209 ......
502 4153 593 4228 patulis
605 4165 641 4206 cet
689 4168 843 4221 quamquam
852 4147 1037 4208 Wakefieldus
1053 4165 1146 4206 tcmuc
1168 4153 1197 4206 in

126 4231 222 4287 littus·
233 4232 319 4287 remu.
689 4239 785 4282 textum
796 4228 925 4301 receperit.
