2882 4946
220 301 224 304 ’
266 339 329 404 ,3,
422 333 493 402 sn
518 331 805 402 rosunum
830 333 1194 428 consonano,

265 469 418 554 miretur,
445 462 577 557 aliquid
599 461 649 532 ab
665 461 724 534 illa
744 478 804 532 aut
825 463 1012 536 crudeliter
1028 465 1105 536 lieri
1127 483 1187 536 aut
1205 467 1342 560 inique.

265 587 379 672 Potest
393 583 486 653 enim
497 581 573 650 haec
584 577 748 650 adversus
765 581 915 675 privatas
931 581 1048 652 domos
1069 583 1171 652 ullam
1190 585 1343 676 requitu-

267 716 335 768 tem
349 721 459 784 nosse,
465 713 525 766 aut
537 695 641 766 ulletn
649 697 858 787 modestiam,
864 697 961 790 cujus
974 698 1198 794 implacabilis
1211 701 1343 768 saevitia

228 837 244 900 4
269 817 369 884 toties
381 817 455 910 ipsa
465 814 646 888 funestavit
658 814 869 909 pulviuaric¹¹
882 811 898 882 i
912 816 1090 886 Faciamus
1101 816 1183 886 licet
1195 815 1247 885 illi
1262 841 1343 886 con·
1414 791 1415 804 ἵ

267 933 416 1016 vicium,
433 953 505 1000 non
521 947 637 1001 nostro
654 945 783 1001 tantum
799 955 881 1015 ore,
897 929 959 1001 sed
972 933 1075 1002 etiam
1087 931 1252 1027 publico,
1272 957 1342 1003 non

269 1064 385 1118 tamen
398 1046 607 1134 mutabitur,
625 1043 789 1116 adversus
809 1070 926 1118 omnes
938 1071 974 1117 sc
991 1071 1110 1142 preces
1125 1097 1135 1132 ,
1155 1071 1342 1143 omnesque

270 1165 498 1234 ceremonias¹
517 1165 640 1259 eriget.
666 1165 740 1234 Hoc
756 1163 822 1234 fuit
838 1165 875 1232 in
892 1164 995 1233 rebus
1013 1165 1170 1234 humanis
1185 1164 1340 1252 fortuna,

269 1287 335 1357 hoc
353 1289 443 1375 erit,
464 1287 553 1357 nihil
568 1289 726 1356 inausum
744 1285 809 1356 sibi
824 1286 988 1380 reliquit,
1000 1287 1092 1356 nibil
1108 1289 1276 1358 intactum
1290 1310 1345 1356 re·

270 1403 417 1497 linquet.
439 1402 508 1500 Ibit
524 1401 706 1472 violentior
722 1395 785 1496 per
801 1403 938 1486 omnia,
960 1404 1048 1472 sicut
1065 1427 1200 1498 semper
1215 1420 1270 1474 est
1287 1429 1343 1474 so-

270 1521 404 1605 lita,eus
415 1543 552 1614 quoque
564 1517 680 1590 domos
692 1543 774 1588 ausa
787 1519 922 1612 injurio·
937 1543 1038 1590 causa
1050 1522 1191 1608 intrare,
1205 1523 1243 1591 in
1257 1545 1343 1615 quos

271 1661 335 1732 per
351 1636 475 1730 templa
490 1626 628 1705 oditur³
647 1685 657 1718 ,
678 1651 716 1705 et
727 1651 834 1706 atram
849 1635 1009 1708 laureatis
1022 1631 1043 1683 4
1055 1636 1186 1709 foribus
1202 1631 1344 1708 induct⁵

271 1768 429 1824 vestem.¹

260 1868 264 1875 ’
321 1871 487 1940 XXXVI.
509 1869 583 1938 lloc
599 1891 705 1939 unum
726 1869 940 1940 obtineamus
955 1870 1000 1941 ab
1024 1871 1084 1941 illa
1102 1873 1189 1943 votis
1206 1895 1250 1941 ac
1267 1895 1347 1966 pre·

272 1985 370 2055 cibus
385 1984 555 2078 publicis,
576 1987 605 2054 si
623 1984 776 2055 nondum
796 1985 848 2057 illi
875 2011 983 2083 genus
1003 1989 1188 2058 humanum
1214 1987 1345 2082 placuit

272 2123 491 2185 consumere,
510 2103 538 2170 si
554 2105 742 2172 Romanum
757 2101 870 2173 adhuc
883 2128 1008 2174 nomen
1025 2105 1173 2199 propitia
1187 2101 1342 2196 respicit,

273 2207 576 2312 huncprincipem
589 2218 694 2313 lapsis
709 2220 885 2308 bominum
899 2220 1003 2290 rebus
1019 2220 1154 2303 dotum,
1172 2220 1263 2288 sicut
1275 2241 1346 2286 om·

273 2334 374 2404 nibus
389 2335 602 2420 mortalibus,
619 2334 686 2405 sibi
703 2359 776 2406 esse
790 2352 1040 2408 sacrosanctum
1054 2337 1148 2408 velit.
1171 2336 1292 2426 Discat
1304 2331 1345 2402 sb

273 2451 331 2520 illo
348 2451 581 2539 clementiam,
604 2466 707 2544 atque
726 2454 770 2523 sit
788 2454 968 2523 mitissimo·
984 2455 1136 2523 omnium
1149 2451 1345 2546 principun

232 2606 247 2637 2
269 2559 394 2636 ¹mitis⁶.
410 2567 647 2659 Debesitaque
656 2590 773 2636 ornnes
786 2567 912 2636 intueri
926 2590 984 2636 eos
996 2590 1082 2659 quos
1090 2565 1190 2659 paulo
1204 2580 1286 2633 onte
1296 2586 1346 2631 re·

274 2682 349 2770 tuli,
363 2701 422 2753 aut
431 2682 578 2754 adscitos
592 2683 687 2768 celo,
699 2701 758 2752 aut
771 2685 954 2778 proximos,
967 2700 1003 2753 et
1016 2683 1107 2752 ferre
1120 2704 1218 2773 aequo
1230 2679 1345 2748 animo

192 2833 231 2843 ·-·
274 2798 465 2883 fortunam,
485 2796 529 2867 sd
546 2815 580 2867 te
594 2823 732 2891 quoque
744 2800 977 2893 porrigentem
992 2819 1130 2882 manus,
1146 2817 1230 2887 quas
1243 2819 1290 2866 ne
1304 2792 1345 2861 ab

309 3081 331 3114 ι.
343 3062 509 3116 Pulvinorio.
520 3061 585 3132 Quo
596 3061 700 3115 deorum
710 3071 782 3125 sunt,
866 3059 986 3112 xxxvl.
1007 3062 1082 3113 Ano.
1105 3057 1192 3130 Pergit
1212 3057 1344 3110 neminem

274 3156 301 3196 ut
314 3143 372 3196 lecti
384 3142 546 3215 privatorum.
833 3137 941 3190 dicendo
961 3137 1015 3209 jure
1039 3135 1228 3210 indigmtumm
1249 3134 1277 3188 td
1297 3133 1344 3187 sibi

308 3242 330 3274 a.
347 3223 519 3275 Gemonias.
532 3221 570 3274 Ex
582 3219 664 3274 MSS.
675 3221 785 3275 Grono-
832 3216 980 3269 calamitatis
1000 3215 1122 3268 divinitus
1139 3213 1252 3268 accidere
1275 3213 1343 3284 quos]

274 3301 330 3353 vius
341 3300 418 3352 dedit.
435 3301 467 3353 ln
477 3300 563 3353 multis
580 3299 637 3355 cdsl.
656 3303 784 3370 quantuo-
833 3305 857 3346 οἱ
874 3293 1001 3348 &sarum
1013 3292 1089 3365 rapiti
1106 3293 1179 3346 toties
1191 3292 1342 3347 insulsum-ic

274 3382 344 3446 nias,
358 3380 521 3434 bonoscnsu.
832 3371 895 3424 Mox
917 3373 991 3424 refert
1012 3372 1069 3442 quis
1092 3371 1120 3423 in
1141 3371 1233 3424 allecto
1258 3370 1343 3446 persi-

307 3458 331 3512 3.
352 3456 406 3510 Per
422 3460 521 3527 empta
543 3459 640 3511 aditur.
661 3455 784 3528 lntslligit
833 3449 928 3524 piendo
939 3449 1050 3522 optimus
1064 3449 1155 3503 modus
1170 3449 1215 3516 sit,
1229 3469 1278 3502 nee
1291 3449 1343 3502 im-

274 3537 374 3611 Lipsius
389 3535 421 3590 de
441 3536 535 3609 palstio
554 3536 696 3610 principum
714 3534 783 3606 quod
833 3541 902 3582 moto
919 3527 1027 3581 omnino
1044 3540 1162 3600 pectore,
1184 3548 1231 3582 nce
1250 3539 1341 3580 emoto·

274 3617 373 3689 templis
381 3616 702 3690 undiquccingsbstur.Ci.
710 3615 785 3668 Clau·
833 3605 1019 3677 Deniqutssffi
1032 3605 1180 3680 (Qllgulffll
1191 3607 1271 3658 Vllffl
1281 3605 1343 3659 ml·

276 3693 344 3747 dian.
369 3696 407 3746 Vl
426 3693 530 3748 Consul,
550 3694 665 3759 noum-,3
686 3691 783 3758 ovid„
833 3697 870 3736 ter
880 3683 1015 3756 objurgat,
1035 3695 1060 3736 st
1072 3683 1138 3737 mela
1152 3683 1291 3738 domarit·
1303 3696 1343 3738 at·

274 3771 341 3822 Fasr.
354 3771 399 3826 lV.
832 3762 907 3834 tingit
915 3781 973 3834 quae
983 3762 1028 3816 illc
1041 3761 1133 3836 ignave
1147 3763 1212 3817 tulit.

308 3837 489 3902 4.Loureatis.
502 3836 625 3892 Palatina
635 3837 700 3890 sores
714 3839 784 3890 lauro
865 3839 890 3893 6.
901 3844 986 3910 Atque
998 3844 1152 3895 sit.....ms‘tis.
1165 3841 1233 3914 lips.
1243 3841 1272 3894 in
1285 3841 1322 3893 erl
1335 3857 1341 3890 :

277 3927 299 3966 et
311 3935 405 3986 quercu
415 3927 509 3970 ornate
519 3934 616 3987 semper
624 3928 701 3968 crant.
834 3941 847 3965 a
862 3929 939 3989 atque
955 3940 972 3971 a
987 3921 1127 3973 mitissimo
1138 3923 1255 3973 omniurn
1266 3923 1342 3988 prin-

309 4000 332 4048 5.
344 3996 448 4049 Induet.
460 3997 489 4049 ln
506 3995 657 4065 quibusdam
670 3995 726 4048 cdd.
741 3999 784 4048 in·
832 3999 885 4064 cipe
897 3998 1039 4068 mitisfieri
1050 3997 1115 4065 (sub.
1128 4001 1232 4066 discat)
1242 4020 1256 4046 υ
1268 3999 1343 4052 Utra-

277 4076 365 4126 ducere
378 4075 460 4126 minus
473 4073 608 4148 perspicue.
834 4095 881 4144 quc
894 4073 970 4129 lectio
985 4075 1061 4128 latina
1074 4090 1097 4128 st
1112 4077 1181 4150 plani
1198 4095 1294 4132 seusus.
