2952 4938
377 463 877 550 sss.v11‚cs1>.x1x.
1098 464 1187 556 6„-
1282 481 1285 489 -
1315 463 1319 472 -

92 597 278 686 Nunquam
297 604 448 660 tantum¹
468 581 577 660 virtus
594 593 833 684 exstinguitur,
859 605 898 658 ut
917 613 986 659 non
1006 590 1168 657 certiores

92 712 207 779 animo
218 723 314 778 notas
329 709 522 802 imprimat,
540 723 693 801 quamut
709 706 785 775 illas
798 705 1163 776 eradatullansutstio.

95 830 195 896 Ferte
210 828 302 896 inter
319 850 381 894 nos
399 825 571 910 educate,
589 848 694 916 quum
706 824 750 892 ,jn
766 823 867 892 silvas
880 838 1086 916 eruperunt,
1103 821 1170 890 ali·
1195 833 1209 882 5
1296 815 1299 822 ¹

97 943 187 1037 quid
202 941 470 1013 mansuetudinis
486 943 638 1035 pristinae
657 942 806 1010 retinent
824 967 831 1008 :
849 956 1047 1033 tantumque
1059 965 1079 1008 a
1092 939 1167 1033 pla-

95 1060 277 1130 cidissimis
304 1059 449 1142 absunt,
477 1065 654 1153 quantum·
667 1083 688 1126 a
710 1059 800 1128 verit
825 1058 906 1128 feris
934 1074 969 1126 et
993 1081 1169 1151 nunquam

95 1177 280 1244 humanam
303 1198 438 1242 manum
454 1176 585 1267 passis.
614 1177 720 1243 Nemo
739 1176 777 1244 in
799 1173 1170 1264 aummsmncquitiam

97 1289 244 1376 incidit,
261 1291 490 1384 quiunquam
504 1290 808 1383 haesitupienaae3
824 1290 924 1358 altius
934 1289 1083 1358 inlectus
1097 1303 1166 1370 est,

97 1432 201 1498 quarn
216 1419 256 1476 ut
273 1429 314 1474 ex
330 1419 400 1476 toto
419 1407 509 1488 elui,
531 1423 564 1474 et
586 1408 731 1475 transire
746 1407 783 1476 in
800 1406 947 1475 colorem
964 1404 1171 1498 sliumpos-

98 1525 181 1592 sit².
200 1523 334 1621 Deinde
356 1525 549 1616 interrogo,
576 1538 689 1590 utrum
706 1523 771 1591 istc
787 1523 879 1592 ferus
897 1523 942 1590 sit
960 1524 1074 1590 animo
1095 1536 1171 1590 tan-
1197 1525 1213 1575 fi

99 1655 194 1721 tum,
215 1663 259 1706 an
276 1656 311 1708 et
328 1635 365 1707 in
381 1639 567 1732 perniciem
584 1638 755 1732 publicam
771 1654 926 1707 excurrat
936 1639 952 1705 ἱ)
962 1638 1170 1730 Proposuisti

99 1757 192 1856 enim
213 1755 298 1824 mihi
315 1753 564 1849 Apollodorum
580 1772 614 1823 et
627 1753 790 1824 Phalarin
806 1769 1008 1847 tyrannum,
1025 1777 1171 1845 quorum

100 1875 130 1944 ti
148 1887 304 1940 naturam
323 1869 427 1941 habet
445 1874 588 1942 intrate
607 1870 734 1954 malus,
748 1869 873 1964 quidni
892 1894 955 1964 ego
972 1871 1171 1942 istibeneli-
1251 1917 1257 1934 .

100 1987 193 2054 cium
209 2009 308 2054 suurn
326 1985 485 2070 reddam,
508 2011 553 2055 ne
571 1986 656 2080 quid
675 1987 759 2056 mihi
784 1987 982 2056 concutit
993 1987 1083 2079 juris
1101 2011 1173 2056 am-

102 2103 219 2198 plius?
234 2105 270 2172 si
287 2095 391 2173 vero⁵
413 2105 578 2198 sanguine
596 2105 744 2173 humano
764 2129 833 2174 non
849 2121 982 2174 tantum
999 2105 1130 2197 gaudet.
1140 2121 1174 2172 et
1201 2145 1213 2190 7

32 2213 43 2228 ”
102 2218 268 2310 pascitur,
287 2216 349 2284 sed
366 2217 597 2310 et'suppliciis
616 2220 764 2287 omnium
785 2234 920 2292 aetatum
940 2217 1175 2286 crudelitatem

102 2311 331 2402 ffi's'itiabilem
348 2351 504 2418 exercet,
523 2359 588 2404 nec
605 2336 676 2419 ira,
693 2334 753 2404 sed
768 2335 930 2404 aviditate
947 2335 1093 2427 quadam
1107 2359 1175 2406 sae-

102 2447 220 2517 viendi
244 2449 346 2532 furit,
376 2451 403 2518 si
426 2452 463 2518 in
480 2463 548 2520 'ore
577 2469 757 2544 parentum
776 2451 866 2522 filios
880 2452 1087 2546 jugulat,.si
1104 2477 1173 2520 non

104 2580 283 2636 contentus
300 2565 445 2658 simplici
462 2581 586 2648 morte,
607 2565 817 2658 distorquet,
831 2590 895 2638 nec
911 2566 982 2636 urit
993 2566 1101 2636 solum
1113 2593 1174 2662 pe-

104 2682 250 2764 rituros,
268 2680 328 2749 scd
346 2683 502 2774 excoquit
512 2691 524 2768 ς’
534 2683 562 2750 si
576 2706 636 2750 arx
651 2683 725 2775 ejus
736 2676 882 2756 cruore⁴
896 2707 1031 2776 semper
1043 2685 1172 2752 recenti
1216 2717 1225 2738 κ

106 2794 244 2863 madet:
261 2819 381 2888 parum
399 2809 452 2864 est
468 2796 550 2864 huic
566 2794 771 2874 beneficium
782 2820 850 2870 non
864 2790 1045 2866 redderc⁵.
1062 2797 1173 2890 Quid·
1200 2823 1215 2873 t

105 2909 193 3003 quid
212 2927 304 2994 crat,
328 2935 396 3004 quo
415 2912 499 2980 mihi
520 2910 725 2995 cohaereret,
748 2915 909 2986 intercisa
922 2914 1013 3006 juris
1035 2915 1175 3008 humani

107 3131 283 3184 Preteressd.
296 3132 619 3202 wyttenbachiundl‘lu·
668 3151 724 3184 rum
748 3133 866 3185 srnstoris
885 3132 1002 3188 menibus
1023 3135 1090 3200 sint,
1111 3146 1176 3186 certo

108 3207 189 3260 tarcis.
199 3208 231 3261 de
246 3209 274 3260 S.
287 3209 320 3261 N.
334 3210 365 3261 V.
377 3229 430 3284 cap.
441 3211 465 3262 8,
669 3229 721 3283 esqe
733 3209 849 3264 debunt.

147 3285 441 3354 i.Nunqnnmtontum,·
447 3307 538 3358 sequor
546 3288 619 3341 codd.
701 3287 725 3352 4.
739 3287 834 3341 Stare
844 3294 898 3350 eins
915 3309 1009 3342 eruore.
1026 3290 1129 3362 Optime
1141 3292 1177 3344 sie

110 3366 185 3418 Grnt.
197 3366 242 3433 qni
254 3384 306 3416 non
318 3365 427 3432 habent,
438 3371 466 3420 in
474 3377 585 3422 tontum.
670 3364 744 3417 Grnt.
753 3385 782 3418 ex
794 3365 879 3419 dubiis
890 3365 968 3420 literis
979 3368 1036 3420 eod.
1051 3369 1113 3420 Nee.
1126 3389 1177 3420 ar-

71 3439 78 3448 ’
144 3446 269 3496 eddius
282 3443 621 3514 trfictm....possu.Utirur
668 3461 772 3512 temque
786 3441 854 3496 hene
869 3445 1073 3498 emendationem
1085 3447 1177 3500 exseul·

112 3523 195 3576 verbis
207 3541 222 3574 a
234 3523 388 3595 purpurariis
399 3543 517 3598 usurpare
528 3526 619 3592 solitis,
669 3522 747 3593 ptisse
758 3521 869 3589 videtur,
882 3541 959 3593 qnam
976 3525 1066 3596 probet
1074 3524 1177 3597 Lipsius.

111 3621 170 3672 quse
178 3601 316 3676 sepissime
325 3603 357 3655 ad
367 3603 482 3656 animum
492 3605 620 3656 nanclars-i
671 3599 805 3652 Ervum:
816 3605 843 3654 si
856 3620 903 3653 art
914 3604 969 3668 ejus
981 3613 1022 3655 est
1029 3623 1112 3655 emor.
1122 3605 1180 3656 ttu-

112 3691 204 3731 notum
219 3691 263 3730 est.
280 3677 320 3729 Gi.
330 3678 467 3732 Ruhnken.
480 3683 512 3732 ad
529 3680 620 3735 Timui
672 3691 739 3730 retus
755 3678 862 3750 conjecit
879 3684 922 3732 :ti
938 3701 990 3732 nra
1007 3685 1062 3748 ejus
1081 3701 1178 3735 censore.

115 3753 196 3806 lexic.
205 3754 265 3826 plat.
275 3754 321 3806 snb
333 3775 394 3808 voce
405 3757 552 3810 Διυσοποιόν
559 3779 582 3830 p·
591 3761 621 3825 75
671 3755 763 3828 virgil.
772 3755 878 3810 AEneid.
888 3757 931 3810 lib.
939 3759 1056 3823 vtum.
1064 3759 1121 3832 196,
1128 3779 1178 3829 tq:

113 3853 150 3902 sq.
162 3831 202 3886 ed.
214 3833 246 3884 ll.
673 3855 688 3881 e
700 3833 855 3907 Semperque
873 3837 968 3890 recenti
988 3837 1065 3891 Csede
1085 3839 1182 3912 tepebat

147 3911 172 3962 3,
185 3909 219 3964 St
229 3931 305 3975 vero,
319 3925 366 3966 ete.
378 3913 439 3965 ttae
458 3925 483 3966 et
494 3913 623 3984 sequentia
672 3912 779 3978 homos,
804 3915 951 3988 foribusque
974 3915 1048 3969 affin
1070 3917 1181 3992 snperbia

115 3988 232 4059 inprimis
243 3987 275 4040 ad
287 3988 409 4042 Phalarin
422 3992 624 4064 spectamine-
674 3993 727 4045 Ore
748 3994 831 4046 virum
854 3995 917 4050 tristi
939 3995 1082 4068 pendebant
1103 3997 1182 4069 palli-

114 4085 165 4136 que
178 4064 270 4119 bovem
281 4067 416 4120 aheneum.
426 4069 521 4121 Moneo
531 4070 622 4131 verbo,
675 4071 705 4124 da
721 4071 802 4125 tabo.»

115 4163 196 4214 quum
209 4163 265 4215 quae
279 4145 411 4198 Bentleins
422 4166 530 4218 magnus
549 4145 581 4198 ds
595 4167 624 4199 eo
708 4153 733 4202 5.
753 4151 856 4204 Parnm
872 4159 951 4206 eth...
971 4156 1076 4208 reddere
1089 4174 1098 4208 :
1111 4158 1183 4226 quati

118 4225 230 4304 ptpotuit
236 4265 244 4294 ‚
257 4225 285 4280 in
303 4226 423 4298 cujusque
434 4225 524 4286 buum
534 4227 625 4281 litera·
675 4229 756 4296 dieat,
765 4229 845 4284 immo
856 4229 1010 4286 maleficium
1020 4233 1133 4286 dandum
1141 4249 1184 4287 est.
