2976 4950
269 421 335 506 4⁰⁰
615 419 683 488 DE
705 419 1013 490 BENEFICIIS

268 550 428 642 explicari
448 551 565 644 itaque
585 566 691 620 totum
709 549 834 632 debet,
865 548 909 618 de
933 575 1003 644 quo
1028 551 1137 621 oculis
1152 551 1348 644 judicatur.

230 709 246 743 2
269 669 340 734 Nec
359 681 469 735 tamen
487 665 564 736 ideo
585 691 654 736 non
672 666 802 735 bonum
817 665 969 736 lusorem
988 667 1121 752 dicam,
1143 670 1204 761 qui
1222 669 1349 763 pilam,

271 799 309 851 ut
327 781 529 876 oportebat,
557 784 712 876 excepit,
740 783 769 850 si
790 805 854 875 per
874 783 984 875 ipsum
1003 809 1122 870 mora,
1145 809 1215 876 quo
1237 787 1353 856 minus

271 899 472 978 remitteret,
490 922 560 966 uon
573 897 650 966 snio
671 947 680 964 .
695 897 764 967 Sed
773 897 940 988 quumvis,
954 899 1068 991 iuquit
1077 903 1105 984 ¹,
1117 901 1183 970 arti
1198 896 1353 968 ludentis

272 1014 361 1082 nihil
380 1014 492 1102 desit,
521 1016 603 1107 quia
626 1030 759 1110 partem
786 1011 927 1106 quidem
955 1014 1055 1098 feeit,
1084 1013 1147 1086 sed
1164 1031 1201 1086 et
1218 1033 1355 1110 partem

273 1154 376 1226 quam
393 1156 464 1200 nou
480 1132 561 1201 secit
576 1182 586 1216 ,
603 1146 715 1227 potest
733 1131 846 1199 fucere
863 1158 872 1197 ε
888 1129 990 1200 ludus
1003 1147 1117 1202 tamen
1134 1135 1208 1227 ipse
1223 1135 1357 1228 imper-

275 1249 382 1320 fectus
401 1267 452 1318 est
472 1300 483 1334 ‚
502 1249 564 1342 qui
580 1262 833 1318 consummatur
848 1246 980 1318 vicibus
998 1247 1155 1318 mittendi
1175 1275 1217 1320 ae
1232 1253 1355 1319 remit-

234 1390 251 1443 3
275 1365 383 1434 tendi.
399 1365 485 1434 Nolo
502 1365 630 1436 diutins
649 1361 715 1432 hoc
732 1362 914 1450 refellore3
940 1365 1167 1434 existimemus
1185 1366 1234 1432 ita
1249 1389 1324 1434 esse
1341 1391 1351 1431 :

276 1479 365 1550 desit
384 1479 517 1574 aliquid
534 1481 646 1559 lusui,
663 1503 732 1548 nou
746 1478 852 1548 lusori
865 1505 874 1564 ς
893 1480 942 1548 sio
956 1494 991 1548 et
1005 1479 1042 1548 iu
1055 1479 1122 1552 hoc
1139 1480 1184 1549 de
1197 1506 1268 1574 quo
1281 1479 1355 1548 dis-

277 1614 453 1692 putamus,
470 1597 566 1666 deest
585 1595 719 1688 aliquid
738 1597 789 1664 rei
812 1593 923 1682 dntae,
946 1599 1002 1666 cui
1020 1621 1099 1692 pars
1116 1597 1226 1667 attera
1247 1596 1354 1665 debe-

277 1709 373 1798 tur³‚
401 1740 470 1784 non
493 1716 627 1797 animo,
651 1715 711 1807 qui
739 1715 891 1783 animum
912 1737 1033 1810 parem
1052 1715 1119 1784 sihi
1144 1731 1266 1786 nactus
1281 1730 1353 1801 θεῖς

278 1833 498 1926 quantumin
516 1831 575 1899 illo
590 1847 662 1914 est,
684 1829 778 1922 quod
791 1831 920 1914 voluit,
938 1832 1062 1902 effecit.

327 1949 498 2018 XXXIII.
519 1947 728 2016 Beneficium
750 1948 834 2016 mihi
858 1946 955 2016 dedit
974 1951 1118 2044 :accepi
1138 1973 1209 2018 nou
1229 1949 1355 2030 aliter,

280 2089 381 2158 quam
393 2065 467 2158 ipse
480 2065 591 2158 accipi
604 2063 722 2132 voluit.
738 2065 813 2132 Iam
828 2064 953 2148 habet,
971 2061 1064 2159 quod
1080 2067 1192 2160 petit,
1210 2082 1248 2134 et
1263 2065 1358 2158 qnod

281 2205 387 2249 unum
399 2181 485 2274 petit
499 2206 506 2248 :
525 2205 608 2274 ergo
624 2195 740 2273 gratus
755 2174 864 2248 sum‘.
878 2184 959 2251 Post
972 2183 1047 2251 haec
1060 2207 1142 2252 usus
1155 2185 1224 2252 mei
1237 2198 1355 2260 restat.

282 2313 317 2366 et
334 2295 474 2391 uiiquod
487 2321 528 2365 ex
544 2297 683 2366 homine
698 2311 794 2389 grato
811 2297 1044 2384 commodum
1063 2299 1138 2368 haec
1150 2323 1221 2367 non
1235 2301 1359 2393 imper-

284 2416 363 2484 fecti
376 2415 482 2484 ufficii
498 2413 632 2507 reliqua
643 2437 722 2507 pars
737 2428 810 2496 est,
827 2413 888 2482 sed
900 2416 1042 2508 perfecti
1055 2419 1206 2486 accessio
1218 2410 1245 2484 ⁵.
1262 2417 1359 2488 Facit

282 2533 422 2602 Phidias
436 2525 449 2568 ⁵
463 2547 607 2602 statuam
626 2557 633 2597 ε
655 2531 743 2600 alius
755 2544 806 2598 est
818 2528 949 2601 fructus
961 2535 1068 2618 artis,
1086 2533 1174 2604 alius
1190 2535 1354 2621 ontificii3

319 2815 342 2868 r.¹
354 2795 388 2850 St
394 2813 442 2863 per·
453 2799 626 2863 ipsum...non
627 2791 694 2863 suit.
703 2791 731 2843 Si
739 2809 796 2862 qum
845 2791 905 2845 dem
916 2795 1037 2850 materie.
1058 2795 1220 2870 Comparatio
1242 2796 1360 2852 beneficii

284 2893 356 2926 mors
369 2871 497 2926 obstaculo
515 2870 563 2922 tuit
580 2869 703 2921 remittere
718 2868 797 2944 pilam
845 2891 903 2923 eum
915 2885 995 2926 status
1012 2873 1114 2946 optima.
1134 2875 1218 2948 Hujus
1234 2877 1359 2950 triplicem

284 2950 390 3014 volenti,
403 2969 417 3001 e
432 2967 504 3000 cansa
517 2946 600 2999 eliens
611 2944 711 3018 pendet,
719 2966 796 3018 quam
844 2949 953 3002 irnctnrn
966 2951 1128 3005 conscientie
1138 2973 1251 3027 nempe,
1267 2955 1359 3018 Ieme,

285 3027 339 3100 ipse
349 3026 451 3080 emoliri
462 3045 516 3078 uou
527 3023 617 3097 potuit.
844 3027 968 3082 utilitatis.
988 3029 1127 3103 TrIplieem
1142 3032 1236 3103 pariter
1251 3034 1360 3086 fructum

319 3127 342 3158 s.
371 3107 471 3174 Inquit.
496 3101 661 3156 Adversarius
682 3101 795 3174 quilibet.
843 3105 1360 3180 beneficiifluodpostqusmeollstumest,
1471 3121 1472 3136 ¹

286 3185 343 3236 Hoc
357 3187 469 3238 Annuus
480 3183 511 3236 de
519 3201 590 3260 more
600 3201 655 3235 sno.
790 3201 792 3206 ·
849 3183 963 3237 conscius
973 3185 1023 3237 sibi
1035 3185 1096 3238 boni
1107 3186 1227 3240 seeiuoris
1238 3191 1284 3260 qui
1297 3189 1360 3242 bene
1471 3193 1472 3204 ¹

320 3262 344 3314 s
365 3263 414 3314 Cui
422 3279 488 3330 pars
501 3263 587 3312 ultera
604 3259 715 3312 debetur.
731 3259 801 3310 Om-
848 3261 1033 3327 Ieeiterit,tum
1041 3264 1361 3338 famsmsdipiseetunde·

287 3338 360 3392 nium
371 3338 463 3411 scriptt
480 3350 504 3391 et
520 3339 578 3391 edd.
593 3337 675 3391 leutio.
686 3337 799 3390 Muretus
848 3339 926 3410 nique
935 3341 1077 3394 mercedem
1087 3341 1206 3410 hebebit,
1220 3365 1283 3418 ergo
1294 3347 1363 3401 utili-

288 3437 318 3469 er
331 3415 435 3489 ingenio
447 3415 518 3468 dedit
529 3433 537 3468 ε
548 3419 590 3468 cui
599 3417 728 3484 peralto.
747 3415 800 3470 Sed
846 3429 923 3473 tatem
934 3422 1062 3496 percipiet·
1070 3423 1112 3478 sie
1119 3425 1256 3496 perfeetum
1263 3427 1363 3480 benefi-

288 3495 707 3568 perperam-Persultemsunt
722 3494 798 3547 vices·
845 3499 928 3566 oium,
947 3501 1026 3553 modo
1044 3500 1099 3554 hec
1114 3503 1162 3554 tria
1182 3506 1360 3580 contigerint3

288 3574 373 3627 Utitur
379 3573 468 3626 eodem
474 3571 607 3636 vocabulo,
615 3592 666 3644 quo
676 3592 735 3625 usus
746 3574 813 3626 suen
847 3577 887 3631 sin
898 3599 999 3632 unum„
1009 3579 1088 3633 tribu,
1099 3579 1220 3649 demerit,
1229 3584 1281 3656 im
1290 3584 1364 3640 hm.

289 3650 491 3705 rstadverserius
500 3650 652 3704 etsubtiliter
664 3649 800 3722 distinguit
848 3653 936 3709 ficium
949 3657 1124 3730 imperfectum
1138 3661 1201 3713 fore.

291 3731 356 3782 iuter
366 3727 517 3782 heneficium
530 3741 554 3780 et
569 3747 632 3802 opus
642 3725 769 3796 beneficii,
779 3749 799 3782 s.
881 3737 904 3801 4.
917 3734 989 3806 Ergn
997 3747 1090 3804 gratus
1098 3756 1166 3791 sum.
1173 3737 1238 3793 Cnd.
1248 3741 1309 3792 Nu.
1317 3741 1362 3794 ai:

290 3827 344 3860 rem
362 3805 465 3859 deum:
484 3805 550 3858 iliud
570 3805 656 3858 animo
672 3807 799 3877 utrimque
848 3811 1361 3884 piurimitemeungogratussumddele.
1470 3817 1471 3830 ³

291 3884 477 3958 respondente,
499 3883 567 3936 hene
588 3903 724 3948 mancam,
748 3887 799 3939 nisi
883 3891 907 3942 5.
919 3891 1047 3944 Accessin·
1061 3893 1124 3946 Huc
1137 3911 1190 3946 nou
1204 3895 1237 3947 sd
1247 3894 1362 3949 officinm
1470 3911 1471 3920 ¹

292 3961 548 4032 quidreddetur.IIes
561 3961 628 4024 dete,
642 3980 699 4032 quse
710 3981 801 4016 mance
850 3968 988 4021 necessario
1008 3969 1130 4043 pertinet,
1149 3970 1170 4022 si
1191 3973 1248 4042 quis
1265 3973 1361 4026 viribus

294 4053 342 4100 est,
357 4050 514 4112 comparetur
529 4059 587 4091 eum
602 4038 680 4106 ludo,
700 4039 800 4092 enimus
851 4043 991 4097 destituitur
1005 4067 1011 4098 :
1024 4045 1146 4119 pertinet.
1159 4049 1180 4101 si
1193 4050 1260 4102 vires
1272 4051 1360 4104 adsint.

294 4137 353 4170 eum
364 4117 455 4172 lusore-
881 4123 905 4174 Β.
925 4123 1047 4177 Phidias.
1068 4123 1108 4178 CI.
1133 4125 1165 4178 de
1182 4125 1233 4181 hoc
1251 4127 1359 4180 Soerstis

327 4197 449 4248 XXXIII.
466 4199 533 4248 duo.
547 4195 710 4250 continuatio
730 4197 801 4267 ejus·
850 4219 935 4253 coaero
945 4201 977 4254 sd
989 4201 1066 4274 Epist.
1076 4217 1119 4269 u,
1132 4203 1155 4271 4.
