<?xml version="1.0" encoding="UTF-8"?>
<!DOCTYPE html PUBLIC "-//W3C//DTD XHTML 1.0 Transitional//EN"
    "http://www.w3.org/TR/xhtml1/DTD/xhtml1-transitional.dtd">
<html xmlns="http://www.w3.org/1999/xhtml" xml:lang="en" lang="en">
 <head>
  <title>
</title>
<meta http-equiv="Content-Type" content="text/html;charset=utf-8" />
  <meta name='ocr-system' content='tesseract 3.04.00' />
  <meta name='ocr-capabilities' content='ocr_page ocr_carea ocr_par ocr_line ocrx_word'/>
</head>
<body>
  <div class='ocr_page' id='page_1' title='image "./lannsenecparspr02bouigoog_0233.png"; bbox 0 0 2966 4948; ppageno 0'>
   <div class='ocr_carea' id='block_1_1' title="bbox 315 391 1234 474">
    <p class='ocr_par' dir='ltr' id='par_1_1' title="bbox 315 391 1234 474">
     <span class='ocr_line' id='line_1_1' title="bbox 315 391 1234 474; baseline -0.014 -2"><span class='ocrx_word' id='word_1_1' title='bbox 315 427 381 474; x_wconf 74' lang='lat' dir='ltr'><strong>nac</strong></span> <span class='ocrx_word' id='word_1_2' title='bbox 466 399 533 469; x_wconf 78' lang='lat' dir='ltr'><strong>Al)</strong></span> <span class='ocrx_word' id='word_1_3' title='bbox 557 394 844 468; x_wconf 81' lang='lat' dir='ltr'>POLYBIUM</span> <span class='ocrx_word' id='word_1_4' title='bbox 868 391 1234 463; x_wconf 84' lang='lat' dir='ltr'><strong>CONSOLATIO.</strong></span> 
     </span>
    </p>
   </div>
   <div class='ocr_carea' id='block_1_2' title="bbox 315 521 1394 625">
    <p class='ocr_par' dir='ltr' id='par_1_2' title="bbox 315 521 1394 625">
     <span class='ocr_line' id='line_1_2' title="bbox 315 521 1394 625; baseline -0.012 -22"><span class='ocrx_word' id='word_1_5' title='bbox 315 537 407 604; x_wconf 84' lang='lat' dir='ltr'><strong>minu</strong></span> <span class='ocrx_word' id='word_1_6' title='bbox 421 559 429 600; x_wconf 91' lang='lat'><strong>:</strong></span> <span class='ocrx_word' id='word_1_7' title='bbox 445 555 523 625; x_wconf 82' lang='lat' dir='ltr'><strong>qnte</strong></span> <span class='ocrx_word' id='word_1_8' title='bbox 537 545 575 598; x_wconf 90' lang='lat' dir='ltr'><strong>tu</strong></span> <span class='ocrx_word' id='word_1_9' title='bbox 589 531 636 597; x_wconf 81' lang='lat' dir='ltr'><strong>ite</strong></span> <span class='ocrx_word' id='word_1_10' title='bbox 649 525 835 607; x_wconf 70' lang='lat' dir='ltr'>resolvisti,</span> <span class='ocrx_word' id='word_1_11' title='bbox 851 539 889 592; x_wconf 87' lang='lat' dir='ltr'><strong>ut</strong></span> <span class='ocrx_word' id='word_1_12' title='bbox 903 525 1057 616; x_wconf 83' lang='lat' dir='ltr'><strong>quemvis</strong></span> <span class='ocrx_word' id='word_1_13' title='bbox 1070 539 1242 592; x_wconf 76' lang='lat' dir='ltr'>structura</span> <span class='ocrx_word' id='word_1_14' title='bbox 1254 521 1394 591; x_wconf 87' lang='lat' dir='ltr'><strong>illorum</strong></span> 
     </span>
    </p>
   </div>
   <div class='ocr_carea' id='block_1_3' title="bbox 285 639 1407 2721">
    <p class='ocr_par' dir='ltr' id='par_1_3' title="bbox 285 639 1407 2721">
     <span class='ocr_line' id='line_1_3' title="bbox 317 639 1397 739; baseline -0.012 -20"><span class='ocrx_word' id='word_1_15' title='bbox 317 649 516 730; x_wconf 72' lang='lat' dir='ltr'><strong>recesserit,</strong></span> <span class='ocrx_word' id='word_1_16' title='bbox 540 658 738 739; x_wconf 82' lang='lat' dir='ltr'><strong>permanent</strong></span> <span class='ocrx_word' id='word_1_17' title='bbox 761 658 874 710; x_wconf 77' lang='lat' dir='ltr'><strong>umen</strong></span> <span class='ocrx_word' id='word_1_18' title='bbox 896 642 1007 734; x_wconf 81' lang='lat' dir='ltr'><strong>guntin</strong></span> <span class='ocrx_word' id='word_1_19' title='bbox 1021 645 1046 710; x_wconf 86' lang='lat'><strong>¹.</strong></span> <span class='ocrx_word' id='word_1_20' title='bbox 1074 641 1131 710; x_wconf 90' lang='lat' dir='ltr'><strong>Sic</strong></span> <span class='ocrx_word' id='word_1_21' title='bbox 1154 641 1246 708; x_wconf 87' lang='lat' dir='ltr'><strong>enim</strong></span> <span class='ocrx_word' id='word_1_22' title='bbox 1270 639 1331 707; x_wconf 81' lang='lat' dir='ltr'><strong>illa</strong></span> <span class='ocrx_word' id='word_1_23' title='bbox 1355 664 1397 707; x_wconf 85' lang='lat' dir='ltr'><strong>cx</strong></span> 
     </span>
     <span class='ocr_line' id='line_1_4' title="bbox 316 754 1394 857; baseline -0.009 -24"><span class='ocrx_word' id='word_1_24' title='bbox 316 767 384 834; x_wconf 84' lang='lat' dir='ltr'><strong>alio</strong></span> <span class='ocrx_word' id='word_1_25' title='bbox 400 764 520 857; x_wconf 82' lang='lat' dir='ltr'><strong>lingua</strong></span> <span class='ocrx_word' id='word_1_26' title='bbox 540 763 577 830; x_wconf 92' lang='lat' dir='ltr'><strong>iu</strong></span> <span class='ocrx_word' id='word_1_27' title='bbox 593 761 695 830; x_wconf 80' lang='lat' dir='ltr'><strong>eliam</strong></span> <span class='ocrx_word' id='word_1_28' title='bbox 713 758 935 840; x_wconf 75' lang='lat' dir='ltr'><strong>transtulisti,</strong></span> <span class='ocrx_word' id='word_1_29' title='bbox 957 774 996 826; x_wconf 88' lang='lat' dir='ltr'><strong>ut</strong></span> <span class='ocrx_word' id='word_1_30' title='bbox 1012 756 1132 849; x_wconf 89' lang='lat' dir='ltr'><strong>(quod</strong></span> <span class='ocrx_word' id='word_1_31' title='bbox 1150 754 1394 826; x_wconf 84' lang='lat' dir='ltr'><strong>difficillimum</strong></span> 
     </span>
     <span class='ocr_line' id='line_1_5' title="bbox 317 873 1393 970; baseline -0.012 -20"><span class='ocrx_word' id='word_1_32' title='bbox 317 881 414 970; x_wconf 83' lang='lat' dir='ltr'><strong>eret)</strong></span> <span class='ocrx_word' id='word_1_33' title='bbox 426 901 543 949; x_wconf 86' lang='lat' dir='ltr'><strong>omnes</strong></span> <span class='ocrx_word' id='word_1_34' title='bbox 556 878 700 948; x_wconf 83' lang='lat' dir='ltr'><strong>virtutes</strong></span> <span class='ocrx_word' id='word_1_35' title='bbox 712 877 749 944; x_wconf 91' lang='lat' dir='ltr'><strong>in</strong></span> <span class='ocrx_word' id='word_1_36' title='bbox 760 876 907 944; x_wconf 78' lang='lat' dir='ltr'><strong>ebenum</strong></span> <span class='ocrx_word' id='word_1_37' title='bbox 920 890 954 943; x_wconf 87' lang='lat' dir='ltr'><strong>te</strong></span> <span class='ocrx_word' id='word_1_38' title='bbox 971 877 1159 943; x_wconf 83' lang='lat' dir='ltr'><strong>orationem</strong></span> <span class='ocrx_word' id='word_1_39' title='bbox 1172 889 1298 941; x_wconf 80' lang='lat' dir='ltr'><strong>secutae</strong></span> <span class='ocrx_word' id='word_1_40' title='bbox 1312 873 1393 940; x_wconf 87' lang='lat' dir='ltr'><strong>sint.</strong></span> 
     </span>
     <span class='ocr_line' id='line_1_6' title="bbox 318 989 1399 1086; baseline -0.009 -21"><span class='ocrx_word' id='word_1_41' title='bbox 318 994 440 1065; x_wconf 83' lang='lat' dir='ltr'><strong>Nullus</strong></span> <span class='ocrx_word' id='word_1_42' title='bbox 456 996 523 1062; x_wconf 90' lang='lat' dir='ltr'><strong>erit</strong></span> <span class='ocrx_word' id='word_1_43' title='bbox 538 995 575 1062; x_wconf 94' lang='lat' dir='ltr'><strong>in</strong></span> <span class='ocrx_word' id='word_1_44' title='bbox 592 994 661 1063; x_wconf 86' lang='lat' dir='ltr'><strong>illis</strong></span> <span class='ocrx_word' id='word_1_45' title='bbox 678 993 815 1086; x_wconf 86' lang='lat' dir='ltr'><strong>seriptis</strong></span> <span class='ocrx_word' id='word_1_46' title='bbox 833 991 936 1077; x_wconf 87' lang='lat' dir='ltr'><strong>liber,</strong></span> <span class='ocrx_word' id='word_1_47' title='bbox 955 992 1015 1083; x_wconf 88' lang='lat' dir='ltr'><strong>qui</strong></span> <span class='ocrx_word' id='word_1_48' title='bbox 1033 1015 1106 1059; x_wconf 91' lang='lat' dir='ltr'><strong>non</strong></span> <span class='ocrx_word' id='word_1_49' title='bbox 1123 991 1271 1083; x_wconf 81' lang='lat' dir='ltr'><strong>plurimo</strong></span> <span class='ocrx_word' id='word_1_50' title='bbox 1284 989 1399 1058; x_wconf 81' lang='lat' dir='ltr'><strong>varic-</strong></span> 
     </span>
     <span class='ocr_line' id='line_1_7' title="bbox 321 1109 1397 1202; baseline -0.007 -22"><span class='ocrx_word' id='word_1_51' title='bbox 321 1113 400 1180; x_wconf 86' lang='lat' dir='ltr'><strong>tatis</strong></span> <span class='ocrx_word' id='word_1_52' title='bbox 417 1111 576 1179; x_wconf 84' lang='lat' dir='ltr'><strong>bumenae</strong></span> <span class='ocrx_word' id='word_1_53' title='bbox 592 1111 870 1200; x_wconf 81' lang='lat' dir='ltr'><strong>incertorumque</strong></span> <span class='ocrx_word' id='word_1_54' title='bbox 887 1131 1026 1178; x_wconf 83' lang='lat' dir='ltr'><strong>casuum</strong></span> <span class='ocrx_word' id='word_1_55' title='bbox 1041 1124 1077 1178; x_wconf 87' lang='lat' dir='ltr'><strong>ct</strong></span> <span class='ocrx_word' id='word_1_56' title='bbox 1092 1109 1335 1202; x_wconf 76' lang='lat' dir='ltr'><strong>lacrymarum,</strong></span> <span class='ocrx_word' id='word_1_57' title='bbox 1356 1131 1397 1174; x_wconf 85' lang='lat' dir='ltr'><strong>ex</strong></span> 
     </span>
     <span class='ocr_line' id='line_1_8' title="bbox 320 1231 1395 1325; baseline -0.005 -24"><span class='ocrx_word' id='word_1_58' title='bbox 320 1234 388 1302; x_wconf 85' lang='lat' dir='ltr'><strong>elin</strong></span> <span class='ocrx_word' id='word_1_59' title='bbox 408 1249 512 1325; x_wconf 84' lang='lat' dir='ltr'><strong>atque</strong></span> <span class='ocrx_word' id='word_1_60' title='bbox 534 1232 601 1300; x_wconf 83' lang='lat' dir='ltr'><strong>alie</strong></span> <span class='ocrx_word' id='word_1_61' title='bbox 620 1253 722 1300; x_wconf 81' lang='lat' dir='ltr'><strong>causa</strong></span> <span class='ocrx_word' id='word_1_62' title='bbox 748 1231 944 1314; x_wconf 88' lang='lat' dir='ltr'><strong>fluentium,</strong></span> <span class='ocrx_word' id='word_1_63' title='bbox 966 1231 1119 1325; x_wconf 81' lang='lat' dir='ltr'><strong>exempla</strong></span> <span class='ocrx_word' id='word_1_64' title='bbox 1138 1231 1202 1299; x_wconf 89' lang='lat' dir='ltr'><strong>tibi</strong></span> <span class='ocrx_word' id='word_1_65' title='bbox 1217 1245 1395 1325; x_wconf 73' lang='lat' dir='ltr'><strong>suggerat.</strong></span> 
     </span>
     <span class='ocr_line' id='line_1_9' title="bbox 285 1341 1401 1440; baseline -0.006 -23"><span class='ocrx_word' id='word_1_66' title='bbox 285 1367 301 1417; x_wconf 83' lang='lat'><strong>5</strong></span> <span class='ocrx_word' id='word_1_67' title='bbox 322 1351 428 1440; x_wconf 86' lang='lat' dir='ltr'><strong>Lege,</strong></span> <span class='ocrx_word' id='word_1_68' title='bbox 441 1361 569 1440; x_wconf 85' lang='lat' dir='ltr'><strong>qunuto</strong></span> <span class='ocrx_word' id='word_1_69' title='bbox 577 1346 701 1438; x_wconf 86' lang='lat' dir='ltr'><strong>spiritu</strong></span> <span class='ocrx_word' id='word_1_70' title='bbox 710 1343 907 1439; x_wconf 75' lang='lat' dir='ltr'><strong>ingentibus</strong></span> <span class='ocrx_word' id='word_1_71' title='bbox 917 1346 1107 1414; x_wconf 80' lang='lat' dir='ltr'><strong>intonueris</strong></span> <span class='ocrx_word' id='word_1_72' title='bbox 1118 1345 1240 1414; x_wconf 85' lang='lat' dir='ltr'><strong>rebus:</strong></span> <span class='ocrx_word' id='word_1_73' title='bbox 1254 1341 1401 1439; x_wconf 84' lang='lat' dir='ltr'><strong>pudebit</strong></span> 
     </span>
     <span class='ocr_line' id='line_1_10' title="bbox 324 1452 1401 1556; baseline -0.003 -24"><span class='ocrx_word' id='word_1_74' title='bbox 324 1479 358 1532; x_wconf 89' lang='lat' dir='ltr'><strong>te</strong></span> <span class='ocrx_word' id='word_1_75' title='bbox 375 1460 489 1532; x_wconf 82' lang='lat' dir='ltr'><strong>cubito</strong></span> <span class='ocrx_word' id='word_1_76' title='bbox 506 1459 672 1544; x_wconf 83' lang='lat' dir='ltr'><strong>delicere,</strong></span> <span class='ocrx_word' id='word_1_77' title='bbox 693 1475 728 1527; x_wconf 89' lang='lat' dir='ltr'><strong>et</strong></span> <span class='ocrx_word' id='word_1_78' title='bbox 743 1483 784 1528; x_wconf 84' lang='lat' dir='ltr'><strong>ex</strong></span> <span class='ocrx_word' id='word_1_79' title='bbox 800 1476 894 1529; x_wconf 74' lang='lat' dir='ltr'><strong>unte</strong></span> <span class='ocrx_word' id='word_1_80' title='bbox 909 1452 1073 1530; x_wconf 79' lang='lat' dir='ltr'><strong>orationis</strong></span> <span class='ocrx_word' id='word_1_81' title='bbox 1089 1461 1328 1556; x_wconf 87' lang='lat' dir='ltr'><strong>magnitudine</strong></span> <span class='ocrx_word' id='word_1_82' title='bbox 1345 1459 1401 1529; x_wconf 78' lang='lat' dir='ltr'><strong>de</strong></span> 
     </span>
     <span class='ocr_line' id='line_1_11' title="bbox 324 1577 1402 1672; baseline -0.003 -23"><span class='ocrx_word' id='word_1_83' title='bbox 324 1579 454 1650; x_wconf 89' lang='lat' dir='ltr'><strong>cidere.</strong></span> <span class='ocrx_word' id='word_1_84' title='bbox 475 1580 527 1646; x_wconf 89' lang='lat' dir='ltr'><strong>Ne</strong></span> <span class='ocrx_word' id='word_1_85' title='bbox 551 1577 780 1659; x_wconf 81' lang='lat' dir='ltr'><strong>commiseris,</strong></span> <span class='ocrx_word' id='word_1_86' title='bbox 800 1593 838 1646; x_wconf 86' lang='lat' dir='ltr'><strong>ut</strong></span> <span class='ocrx_word' id='word_1_87' title='bbox 855 1578 1013 1670; x_wconf 82' lang='lat' dir='ltr'><strong>quisquis</strong></span> <span class='ocrx_word' id='word_1_88' title='bbox 1032 1577 1223 1672; x_wconf 84' lang='lat' dir='ltr'><strong>extemplo&#39;</strong></span> <span class='ocrx_word' id='word_1_89' title='bbox 1241 1603 1283 1646; x_wconf 90' lang='lat' dir='ltr'><strong>ac</strong></span> <span class='ocrx_word' id='word_1_90' title='bbox 1302 1577 1402 1646; x_wconf 90' lang='lat' dir='ltr'><strong>modo</strong></span> 
     </span>
     <span class='ocr_line' id='line_1_12' title="bbox 325 1692 1406 1790; baseline -0.002 -26"><span class='ocrx_word' id='word_1_91' title='bbox 325 1697 452 1789; x_wconf 84' lang='lat' dir='ltr'><strong>scripto</strong></span> <span class='ocrx_word' id='word_1_92' title='bbox 461 1707 520 1761; x_wconf 89' lang='lat' dir='ltr'><strong>tue</strong></span> <span class='ocrx_word' id='word_1_93' title='bbox 536 1692 737 1776; x_wconf 74' lang='lat' dir='ltr'><strong>mirabatur,</strong></span> <span class='ocrx_word' id='word_1_94' title='bbox 752 1709 883 1785; x_wconf 80' lang='lat' dir='ltr'><strong>qureret</strong></span> <span class='ocrx_word' id='word_1_95' title='bbox 897 1693 1067 1788; x_wconf 90' lang='lat' dir='ltr'><strong>quomodo</strong></span> <span class='ocrx_word' id='word_1_96' title='bbox 1082 1711 1150 1764; x_wconf 74' lang='lat' dir='ltr'><strong>tam</strong></span> <span class='ocrx_word' id='word_1_97' title='bbox 1161 1693 1309 1790; x_wconf 81' lang='lat' dir='ltr'><strong>grandin</strong></span> <span class='ocrx_word' id='word_1_98' title='bbox 1322 1711 1406 1762; x_wconf 84' lang='lat' dir='ltr'><strong>tam-</strong></span> 
     </span>
     <span class='ocr_line' id='line_1_13' title="bbox 327 1808 1404 1906; baseline 0 -29"><span class='ocrx_word' id='word_1_99' title='bbox 327 1833 396 1904; x_wconf 89' lang='lat' dir='ltr'><strong>que</strong></span> <span class='ocrx_word' id='word_1_100' title='bbox 411 1808 519 1878; x_wconf 85' lang='lat' dir='ltr'><strong>solidu</strong></span> <span class='ocrx_word' id='word_1_101' title='bbox 532 1819 601 1878; x_wconf 82' lang='lat' dir='ltr'><strong>tem</strong></span> <span class='ocrx_word' id='word_1_102' title='bbox 615 1809 748 1904; x_wconf 78' lang='lat' dir='ltr'><strong>fragilis</strong></span> <span class='ocrx_word' id='word_1_103' title='bbox 762 1812 896 1880; x_wconf 82' lang='lat' dir='ltr'><strong>animus</strong></span> <span class='ocrx_word' id='word_1_104' title='bbox 908 1812 1117 1906; x_wconf 79' lang='lat' dir='ltr'><strong>conceperit.</strong></span> <span class='ocrx_word' id='word_1_105' title='bbox 1134 1813 1253 1882; x_wconf 87' lang='lat' dir='ltr'><strong>Potius</strong></span> <span class='ocrx_word' id='word_1_106' title='bbox 1267 1809 1317 1879; x_wconf 83' lang='lat' dir='ltr'><strong>ab</strong></span> <span class='ocrx_word' id='word_1_107' title='bbox 1331 1811 1404 1878; x_wconf 83' lang='lat' dir='ltr'><strong>istis</strong></span> 
     </span>
     <span class='ocr_line' id='line_1_14' title="bbox 328 1924 1402 2034; baseline -0.004 -36"><span class='ocrx_word' id='word_1_108' title='bbox 328 1951 404 2023; x_wconf 74' lang='lat' dir='ltr'><strong>qum</strong></span> <span class='ocrx_word' id='word_1_109' title='bbox 424 1943 458 2034; x_wconf 74' lang='lat' dir='ltr'><strong>tp</strong></span> <span class='ocrx_word' id='word_1_110' title='bbox 478 1940 655 2020; x_wconf 76' lang='lat' dir='ltr'><strong>torquent,</strong></span> <span class='ocrx_word' id='word_1_111' title='bbox 675 1927 721 1996; x_wconf 82' lang='lat' dir='ltr'><strong>ed</strong></span> <span class='ocrx_word' id='word_1_112' title='bbox 740 1929 815 1998; x_wconf 75' lang='lat' dir='ltr'><strong>bec</strong></span> <span class='ocrx_word' id='word_1_113' title='bbox 833 1943 882 1998; x_wconf 89' lang='lat' dir='ltr'><strong>tot</strong></span> <span class='ocrx_word' id='word_1_114' title='bbox 898 1943 934 1998; x_wconf 86' lang='lat' dir='ltr'><strong>et</strong></span> <span class='ocrx_word' id='word_1_115' title='bbox 955 1945 1049 1998; x_wconf 77' lang='lat' dir='ltr'><strong>teum</strong></span> <span class='ocrx_word' id='word_1_116' title='bbox 1062 1953 1138 2022; x_wconf 78' lang='lat' dir='ltr'><strong>qne</strong></span> <span class='ocrx_word' id='word_1_117' title='bbox 1158 1924 1402 2011; x_wconf 81' lang='lat' dir='ltr'><strong>consolantur,</strong></span> 
     </span>
     <span class='ocr_line' id='line_1_15' title="bbox 328 2045 1401 2142; baseline -0.003 -26"><span class='ocrx_word' id='word_1_118' title='bbox 328 2061 512 2128; x_wconf 82' lang='lat' dir='ltr'><strong>converte,</strong></span> <span class='ocrx_word' id='word_1_119' title='bbox 533 2057 575 2116; x_wconf 86' lang='lat' dir='ltr'><strong>a&#39;o</strong></span> <span class='ocrx_word' id='word_1_120' title='bbox 592 2045 725 2140; x_wconf 84' lang='lat' dir='ltr'><strong>respice</strong></span> <span class='ocrx_word' id='word_1_121' title='bbox 748 2047 892 2139; x_wconf 85' lang='lat' dir='ltr'><strong>optimos</strong></span> <span class='ocrx_word' id='word_1_122' title='bbox 917 2045 1060 2130; x_wconf 79' lang='lat' dir='ltr'><strong>batres,</strong></span> <span class='ocrx_word' id='word_1_123' title='bbox 1081 2050 1214 2142; x_wconf 84' lang='lat' dir='ltr'><strong>respice</strong></span> <span class='ocrx_word' id='word_1_124' title='bbox 1231 2071 1401 2129; x_wconf 82' lang='lat' dir='ltr'><strong>uxorem,</strong></span> 
     </span>
     <span class='ocr_line' id='line_1_16' title="bbox 329 2161 1405 2252; baseline -0.002 -22"><span class='ocrx_word' id='word_1_125' title='bbox 329 2162 440 2230; x_wconf 83' lang='lat' dir='ltr'><strong>fllium</strong></span> <span class='ocrx_word' id='word_1_126' title='bbox 464 2161 610 2252; x_wconf 73' lang='lat' dir='ltr'><strong>respice.</strong></span> <span class='ocrx_word' id='word_1_127' title='bbox 637 2161 704 2229; x_wconf 88' lang='lat' dir='ltr'><strong>Pro</strong></span> <span class='ocrx_word' id='word_1_128' title='bbox 725 2161 876 2229; x_wconf 91' lang='lat' dir='ltr'><strong>omnium</strong></span> <span class='ocrx_word' id='word_1_129' title='bbox 899 2161 1021 2230; x_wconf 87' lang='lat' dir='ltr'><strong>borum</strong></span> <span class='ocrx_word' id='word_1_130' title='bbox 1046 2161 1176 2245; x_wconf 83' lang='lat' dir='ltr'><strong>salute,</strong></span> <span class='ocrx_word' id='word_1_131' title='bbox 1201 2163 1268 2230; x_wconf 83' lang='lat' dir='ltr'><strong>bac</strong></span> <span class='ocrx_word' id='word_1_132' title='bbox 1293 2177 1405 2229; x_wconf 89' lang='lat' dir='ltr'><strong>tecum</strong></span> 
     </span>
     <span class='ocr_line' id='line_1_17' title="bbox 330 2271 1404 2372; baseline -0.002 -26"><span class='ocrx_word' id='word_1_133' title='bbox 330 2277 488 2372; x_wconf 79' lang='lat' dir='ltr'><strong>portione</strong></span> <span class='ocrx_word' id='word_1_134' title='bbox 509 2277 645 2348; x_wconf 75' lang='lat' dir='ltr'><strong>fortune</strong></span> <span class='ocrx_word' id='word_1_135' title='bbox 667 2275 796 2346; x_wconf 86' lang='lat' dir='ltr'><strong>decidit</strong></span> <span class='ocrx_word' id='word_1_136' title='bbox 810 2271 837 2346; x_wconf 79' lang='lat'><strong>³.</strong></span> <span class='ocrx_word' id='word_1_137' title='bbox 864 2279 990 2348; x_wconf 83' lang='lat' dir='ltr'><strong>Multos</strong></span> <span class='ocrx_word' id='word_1_138' title='bbox 1012 2277 1119 2348; x_wconf 79' lang='lat' dir='ltr'><strong>babes</strong></span> <span class='ocrx_word' id='word_1_139' title='bbox 1142 2281 1179 2348; x_wconf 91' lang='lat' dir='ltr'><strong>in</strong></span> <span class='ocrx_word' id='word_1_140' title='bbox 1198 2277 1327 2372; x_wconf 90' lang='lat' dir='ltr'><strong>quibus</strong></span> <span class='ocrx_word' id='word_1_141' title='bbox 1345 2301 1404 2345; x_wconf 86' lang='lat' dir='ltr'><strong>ac-</strong></span> 
     </span>
     <span class='ocr_line' id='line_1_18' title="bbox 333 2396 1055 2488; baseline -0.004 -24"><span class='ocrx_word' id='word_1_142' title='bbox 333 2396 500 2488; x_wconf 85' lang='lat' dir='ltr'><strong>quiesces.</strong></span> <span class='ocrx_word' id='word_1_143' title='bbox 1051 2413 1055 2416; x_wconf 87' lang='lat'>·</span> 
     </span>
     <span class='ocr_line' id='line_1_19' title="bbox 381 2509 1407 2594; baseline -0.006 -12"><span class='ocrx_word' id='word_1_144' title='bbox 381 2513 517 2582; x_wconf 83' lang='lat' dir='ltr'>XXXI.</span> <span class='ocrx_word' id='word_1_145' title='bbox 539 2509 594 2578; x_wconf 82' lang='lat' dir='ltr'><strong>Ab</strong></span> <span class='ocrx_word' id='word_1_146' title='bbox 612 2509 677 2578; x_wconf 82' lang='lat' dir='ltr'><strong>bec</strong></span> <span class='ocrx_word' id='word_1_147' title='bbox 689 2525 723 2577; x_wconf 87' lang='lat' dir='ltr'><strong>te</strong></span> <span class='ocrx_word' id='word_1_148' title='bbox 740 2509 878 2578; x_wconf 78' lang='lat' dir='ltr'><strong>iufamia</strong></span> <span class='ocrx_word' id='word_1_149' title='bbox 894 2510 1044 2594; x_wconf 82' lang='lat' dir='ltr'><strong>vindico,</strong></span> <span class='ocrx_word' id='word_1_150' title='bbox 1061 2537 1105 2580; x_wconf 89' lang='lat' dir='ltr'><strong>ne</strong></span> <span class='ocrx_word' id='word_1_151' title='bbox 1119 2510 1278 2581; x_wconf 85' lang='lat' dir='ltr'><strong>videatur</strong></span> <span class='ocrx_word' id='word_1_152' title='bbox 1296 2511 1407 2578; x_wconf 89' lang='lat' dir='ltr'><strong>omni-</strong></span> 
     </span>
     <span class='ocr_line' id='line_1_20' title="bbox 332 2623 1407 2721; baseline -0.002 -27"><span class='ocrx_word' id='word_1_153' title='bbox 332 2625 396 2694; x_wconf 92' lang='lat' dir='ltr'><strong>bus</strong></span> <span class='ocrx_word' id='word_1_154' title='bbox 412 2623 488 2720; x_wconf 87' lang='lat' dir='ltr'><strong>plus</strong></span> <span class='ocrx_word' id='word_1_155' title='bbox 501 2624 594 2720; x_wconf 85' lang='lat' dir='ltr'><strong>opud</strong></span> <span class='ocrx_word' id='word_1_156' title='bbox 611 2641 644 2695; x_wconf 92' lang='lat' dir='ltr'><strong>tc</strong></span> <span class='ocrx_word' id='word_1_157' title='bbox 656 2623 772 2694; x_wconf 83' lang='lat' dir='ltr'><strong>valere</strong></span> <span class='ocrx_word' id='word_1_158' title='bbox 783 2650 873 2695; x_wconf 86' lang='lat' dir='ltr'><strong>unue</strong></span> <span class='ocrx_word' id='word_1_159' title='bbox 887 2626 996 2712; x_wconf 91' lang='lat' dir='ltr'><strong>dolor,</strong></span> <span class='ocrx_word' id='word_1_160' title='bbox 1016 2653 1119 2721; x_wconf 85' lang='lat' dir='ltr'><strong>quam</strong></span> <span class='ocrx_word' id='word_1_161' title='bbox 1132 2628 1207 2698; x_wconf 81' lang='lat' dir='ltr'><strong>baec</strong></span> <span class='ocrx_word' id='word_1_162' title='bbox 1217 2643 1287 2696; x_wconf 82' lang='lat' dir='ltr'><strong>tum</strong></span> <span class='ocrx_word' id='word_1_163' title='bbox 1300 2625 1407 2694; x_wconf 86' lang='lat' dir='ltr'><strong>multa</strong></span> 
     </span>
    </p>
   </div>
   <div class='ocr_carea' id='block_1_4' title="bbox 318 2841 1409 4236">
    <p class='ocr_par' dir='ltr' id='par_1_4' title="bbox 332 2841 1409 3928">
     <span class='ocr_line' id='line_1_21' title="bbox 369 2841 1408 2913; baseline -0.001 -18"><span class='ocrx_word' id='word_1_164' title='bbox 369 2862 389 2896; x_wconf 86' lang='grc' dir='ltr'><strong>ι.</strong></span> <span class='ocrx_word' id='word_1_165' title='bbox 402 2844 450 2896; x_wconf 81' lang='lat' dir='ltr'><strong>Ito</strong></span> <span class='ocrx_word' id='word_1_166' title='bbox 463 2845 764 2912; x_wconf 63' lang='lat' dir='ltr'><strong>nsolctsrt.......gmttc.</strong></span> <span class='ocrx_word' id='word_1_167' title='bbox 781 2841 844 2897; x_wconf 70' lang='lat' dir='ltr'><strong>ileo</strong></span> <span class='ocrx_word' id='word_1_168' title='bbox 927 2843 951 2898; x_wconf 80' lang='lat'><strong>3.</strong></span> <span class='ocrx_word' id='word_1_169' title='bbox 961 2843 1117 2898; x_wconf 79' lang='lat' dir='ltr'><strong>Probomm</strong></span> <span class='ocrx_word' id='word_1_170' title='bbox 1127 2847 1262 2908; x_wconf 52' lang='lat' dir='ltr'><strong>rotund.</strong></span> <span class='ocrx_word' id='word_1_171' title='bbox 1277 2855 1290 2897; x_wconf 78' lang='lat' dir='ltr'><strong>t</strong></span> <span class='ocrx_word' id='word_1_172' title='bbox 1304 2846 1408 2913; x_wconf 80' lang='lat' dir='ltr'><strong>portio-</strong></span> 
     </span>
     <span class='ocr_line' id='line_1_22' title="bbox 333 2919 1406 2998; baseline -0.001 -23"><span class='ocrx_word' id='word_1_173' title='bbox 333 2935 384 2976; x_wconf 80' lang='lat' dir='ltr'><strong>tem</strong></span> <span class='ocrx_word' id='word_1_174' title='bbox 395 2924 502 2975; x_wconf 82' lang='lat' dir='ltr'><strong>obscure</strong></span> <span class='ocrx_word' id='word_1_175' title='bbox 516 2925 675 2995; x_wconf 72' lang='lat' dir='ltr'><strong>exponuntur</strong></span> <span class='ocrx_word' id='word_1_176' title='bbox 693 2934 723 2975; x_wconf 86' lang='lat' dir='ltr'><strong>nt</strong></span> <span class='ocrx_word' id='word_1_177' title='bbox 737 2919 845 2974; x_wconf 88' lang='lat' dir='ltr'><strong>dubium</strong></span> <span class='ocrx_word' id='word_1_178' title='bbox 893 2925 1038 2998; x_wconf 78' lang='lat' dir='ltr'><strong>rresortrma</strong></span> <span class='ocrx_word' id='word_1_179' title='bbox 1050 2927 1150 2980; x_wconf 80' lang='lat' dir='ltr'><strong>decidit.</strong></span> <span class='ocrx_word' id='word_1_180' title='bbox 1167 2927 1301 2998; x_wconf 71' lang='lat' dir='ltr'><strong>lagrange</strong></span> <span class='ocrx_word' id='word_1_181' title='bbox 1314 2923 1406 2975; x_wconf 82' lang='lat' dir='ltr'><strong>vertit:</strong></span> 
     </span>
     <span class='ocr_line' id='line_1_23' title="bbox 332 2998 1409 3075; baseline -0.003 -22"><span class='ocrx_word' id='word_1_182' title='bbox 332 3003 404 3054; x_wconf 74' lang='lat' dir='ltr'><strong>sitan</strong></span> <span class='ocrx_word' id='word_1_183' title='bbox 414 2998 592 3052; x_wconf 86' lang='lat' dir='ltr'><strong>tantummodo</strong></span> <span class='ocrx_word' id='word_1_184' title='bbox 601 2999 632 3052; x_wconf 94' lang='lat' dir='ltr'><strong>de</strong></span> <span class='ocrx_word' id='word_1_185' title='bbox 644 2999 759 3052; x_wconf 78' lang='lat' dir='ltr'><strong>versione</strong></span> <span class='ocrx_word' id='word_1_186' title='bbox 770 3019 799 3052; x_wconf 82' lang='lat' dir='ltr'><strong>cx</strong></span> <span class='ocrx_word' id='word_1_187' title='bbox 808 2998 846 3052; x_wconf 83' lang='lat' dir='ltr'><strong>el·</strong></span> <span class='ocrx_word' id='word_1_188' title='bbox 893 3002 937 3056; x_wconf 74' lang='lat' dir='ltr'><strong>la</strong></span> <span class='ocrx_word' id='word_1_189' title='bbox 942 3005 1049 3075; x_wconf 77' lang='lat' dir='ltr'><strong>fortune</strong></span> <span class='ocrx_word' id='word_1_190' title='bbox 1054 3003 1178 3074; x_wconf 76' lang='lat' dir='ltr'><strong>iusqn&#39;ici</strong></span> <span class='ocrx_word' id='word_1_191' title='bbox 1187 3023 1218 3056; x_wconf 85' lang='lat' dir='ltr'><strong>ne</strong></span> <span class='ocrx_word' id='word_1_192' title='bbox 1228 3021 1294 3056; x_wconf 76' lang='lat' dir='ltr'><strong>eous</strong></span> <span class='ocrx_word' id='word_1_193' title='bbox 1305 3021 1323 3052; x_wconf 81' lang='lat' dir='ltr'><strong>n</strong></span> <span class='ocrx_word' id='word_1_194' title='bbox 1332 3003 1409 3069; x_wconf 83' lang='lat' dir='ltr'><strong>point</strong></span> 
     </span>
     <span class='ocr_line' id='line_1_24' title="bbox 334 3077 1407 3155; baseline -0.004 -23"><span class='ocrx_word' id='word_1_195' title='bbox 334 3094 387 3132; x_wconf 86' lang='lat' dir='ltr'><strong>tera</strong></span> <span class='ocrx_word' id='word_1_196' title='bbox 404 3079 431 3131; x_wconf 92' lang='lat' dir='ltr'><strong>in</strong></span> <span class='ocrx_word' id='word_1_197' title='bbox 447 3078 551 3131; x_wconf 82' lang='lat' dir='ltr'><strong>alteram</strong></span> <span class='ocrx_word' id='word_1_198' title='bbox 565 3077 680 3151; x_wconf 75' lang='lat' dir='ltr'><strong>lingnam</strong></span> <span class='ocrx_word' id='word_1_199' title='bbox 694 3089 796 3150; x_wconf 73' lang='lat' dir='ltr'><strong>agatur,</strong></span> <span class='ocrx_word' id='word_1_200' title='bbox 813 3095 846 3129; x_wconf 85' lang='lat' dir='ltr'><strong>en</strong></span> <span class='ocrx_word' id='word_1_201' title='bbox 893 3083 1163 3152; x_wconf 65' lang='lat' dir='ltr'><strong>mmpamcare&#39;,</strong></span> <span class='ocrx_word' id='word_1_202' title='bbox 1176 3100 1265 3155; x_wconf 74' lang='lat' dir='ltr'><strong>perum</strong></span> <span class='ocrx_word' id='word_1_203' title='bbox 1276 3078 1407 3140; x_wconf 59' lang='lat' dir='ltr'><strong>fidelium</strong></span> 
     </span>
     <span class='ocr_line' id='line_1_25' title="bbox 334 3155 1405 3232; baseline 0.002 -22"><span class='ocrx_word' id='word_1_204' title='bbox 334 3159 366 3210; x_wconf 91' lang='lat' dir='ltr'><strong>de</strong></span> <span class='ocrx_word' id='word_1_205' title='bbox 376 3157 556 3210; x_wconf 82' lang='lat' dir='ltr'><strong>sententiarum</strong></span> <span class='ocrx_word' id='word_1_206' title='bbox 566 3156 657 3209; x_wconf 75' lang='lat' dir='ltr'><strong>fusiori</strong></span> <span class='ocrx_word' id='word_1_207' title='bbox 665 3155 844 3230; x_wconf 72' lang='lat' dir='ltr'><strong>explicatione,</strong></span> <span class='ocrx_word' id='word_1_208' title='bbox 893 3180 1002 3232; x_wconf 75' lang='lat' dir='ltr'><strong>nemque</strong></span> <span class='ocrx_word' id='word_1_209' title='bbox 1013 3163 1127 3215; x_wconf 76' lang='lat' dir='ltr'><strong>decidere</strong></span> <span class='ocrx_word' id='word_1_210' title='bbox 1135 3179 1194 3213; x_wconf 74' lang='lat' dir='ltr'><strong>eron</strong></span> <span class='ocrx_word' id='word_1_211' title='bbox 1199 3163 1291 3230; x_wconf 76' lang='lat' dir='ltr'><strong>aliquo</strong></span> <span class='ocrx_word' id='word_1_212' title='bbox 1299 3161 1405 3212; x_wconf 67' lang='lat' dir='ltr'><strong>atmi-</strong></span> 
     </span>
     <span class='ocr_line' id='line_1_26' title="bbox 334 3231 1408 3311; baseline 0.001 -25"><span class='ocrx_word' id='word_1_213' title='bbox 334 3253 412 3304; x_wconf 86' lang='lat' dir='ltr'><strong>qnam</strong></span> <span class='ocrx_word' id='word_1_214' title='bbox 436 3231 598 3306; x_wconf 72' lang='lat' dir='ltr'><strong>paraphrasin</strong></span> <span class='ocrx_word' id='word_1_215' title='bbox 628 3251 768 3298; x_wconf 56' lang='lat' dir='ltr'><strong>vocamen</strong></span> <span class='ocrx_word' id='word_1_216' title='bbox 800 3233 847 3288; x_wconf 78' lang='lat' dir='ltr'><strong>sed</strong></span> <span class='ocrx_word' id='word_1_217' title='bbox 893 3241 1094 3306; x_wconf 54' lang='grc' dir='ltr'><strong>ιιι-,ἱππείῃ</strong></span> <span class='ocrx_word' id='word_1_218' title='bbox 1102 3237 1172 3311; x_wconf 80' lang='lat' dir='ltr'><strong>Ergo</strong></span> <span class='ocrx_word' id='word_1_219' title='bbox 1182 3257 1270 3290; x_wconf 75' lang='lat' dir='ltr'><strong>sensus</strong></span> <span class='ocrx_word' id='word_1_220' title='bbox 1279 3235 1408 3288; x_wconf 69' lang='lat' dir='ltr'><strong>esul&#39;or-</strong></span> 
     </span>
     <span class='ocr_line' id='line_1_27' title="bbox 335 3307 1408 3389; baseline -0.001 -25"><span class='ocrx_word' id='word_1_221' title='bbox 335 3324 469 3383; x_wconf 86' lang='lat' dir='ltr'><strong>utrumque</strong></span> <span class='ocrx_word' id='word_1_222' title='bbox 491 3329 552 3363; x_wconf 83' lang='lat' dir='ltr'><strong>sene</strong></span> <span class='ocrx_word' id='word_1_223' title='bbox 572 3307 769 3383; x_wconf 79' lang='lat' dir='ltr'><strong>intelligendum</strong></span> <span class='ocrx_word' id='word_1_224' title='bbox 790 3324 845 3377; x_wconf 82' lang='lat' dir='ltr'><strong>cet,</strong></span> <span class='ocrx_word' id='word_1_225' title='bbox 894 3326 956 3368; x_wconf 81' lang='lat' dir='ltr'><strong>tune</strong></span> <span class='ocrx_word' id='word_1_226' title='bbox 966 3316 1152 3370; x_wconf 89' lang='lat' dir='ltr'><strong>decidittecum</strong></span> <span class='ocrx_word' id='word_1_227' title='bbox 1162 3314 1209 3368; x_wconf 86' lang='lat' dir='ltr'><strong>bac</strong></span> <span class='ocrx_word' id='word_1_228' title='bbox 1219 3312 1408 3389; x_wconf 81' lang='lat' dir='ltr'><strong>portione(ecil.</strong></span> 
     </span>
     <span class='ocr_line' id='line_1_28' title="bbox 336 3388 1406 3469; baseline 0.006 -29"><span class='ocrx_word' id='word_1_229' title='bbox 336 3407 414 3460; x_wconf 83' lang='lat' dir='ltr'><strong>quum</strong></span> <span class='ocrx_word' id='word_1_230' title='bbox 430 3400 455 3440; x_wconf 82' lang='lat' dir='ltr'><strong>et</strong></span> <span class='ocrx_word' id='word_1_231' title='bbox 468 3388 576 3441; x_wconf 82' lang='lat' dir='ltr'><strong>Homeri</strong></span> <span class='ocrx_word' id='word_1_232' title='bbox 591 3405 673 3461; x_wconf 64' lang='lat' dir='ltr'><strong>grece</strong></span> <span class='ocrx_word' id='word_1_233' title='bbox 689 3389 802 3442; x_wconf 73' lang='lat' dir='ltr'><strong>carmina</strong></span> <span class='ocrx_word' id='word_1_234' title='bbox 817 3389 846 3444; x_wconf 87' lang='lat' dir='ltr'><strong>in</strong></span> <span class='ocrx_word' id='word_1_235' title='bbox 894 3414 975 3448; x_wconf 88' lang='lat' dir='ltr'><strong>unum</strong></span> <span class='ocrx_word' id='word_1_236' title='bbox 985 3397 1195 3449; x_wconf 80' lang='lat' dir='ltr'><strong>tantumiretrcm</strong></span> <span class='ocrx_word' id='word_1_237' title='bbox 1206 3394 1349 3468; x_wconf 84' lang='lat' dir='ltr'><strong>rapiendo)</strong></span> <span class='ocrx_word' id='word_1_238' title='bbox 1362 3413 1406 3469; x_wconf 88' lang='lat' dir='ltr'><strong>pro</strong></span> 
     </span>
     <span class='ocr_line' id='line_1_29' title="bbox 335 3465 1406 3544; baseline 0.006 -26"><span class='ocrx_word' id='word_1_239' title='bbox 335 3465 440 3518; x_wconf 69' lang='lat' dir='ltr'><strong>latinam</strong></span> <span class='ocrx_word' id='word_1_240' title='bbox 452 3465 566 3539; x_wconf 77' lang='lat' dir='ltr'><strong>lingum</strong></span> <span class='ocrx_word' id='word_1_241' title='bbox 577 3479 601 3518; x_wconf 89' lang='lat' dir='ltr'><strong>et</strong></span> <span class='ocrx_word' id='word_1_242' title='bbox 614 3466 721 3542; x_wconf 80' lang='lat' dir='ltr'><strong>Virgilii</strong></span> <span class='ocrx_word' id='word_1_243' title='bbox 731 3467 846 3521; x_wconf 72' lang='lat' dir='ltr'><strong>buuein</strong></span> <span class='ocrx_word' id='word_1_244' title='bbox 893 3473 974 3530; x_wconf 70' lang='lat' dir='ltr'><strong>selme</strong></span> <span class='ocrx_word' id='word_1_245' title='bbox 987 3474 1104 3527; x_wconf 87' lang='lat' dir='ltr'><strong>omnium</strong></span> <span class='ocrx_word' id='word_1_246' title='bbox 1120 3473 1215 3527; x_wconf 87' lang='lat' dir='ltr'><strong>borum</strong></span> <span class='ocrx_word' id='word_1_247' title='bbox 1226 3472 1286 3544; x_wconf 84' lang='lat' dir='ltr'><strong>(qui</strong></span> <span class='ocrx_word' id='word_1_248' title='bbox 1304 3471 1351 3526; x_wconf 83' lang='lat' dir='ltr'><strong>tibi</strong></span> <span class='ocrx_word' id='word_1_249' title='bbox 1365 3493 1406 3524; x_wconf 91' lang='lat' dir='ltr'><strong>re-</strong></span> 
     </span>
     <span class='ocr_line' id='line_1_30' title="bbox 335 3544 1044 3619; baseline 0.01 -23"><span class='ocrx_word' id='word_1_250' title='bbox 335 3563 444 3618; x_wconf 75' lang='lat' dir='ltr'><strong>grecam</strong></span> <span class='ocrx_word' id='word_1_251' title='bbox 463 3545 616 3598; x_wconf 73' lang='lat' dir='ltr'><strong>mustulisse</strong></span> <span class='ocrx_word' id='word_1_252' title='bbox 630 3544 735 3616; x_wconf 87' lang='lat' dir='ltr'><strong>quidem</strong></span> <span class='ocrx_word' id='word_1_253' title='bbox 753 3545 848 3599; x_wconf 83' lang='lat' dir='ltr'><strong>ridea-</strong></span> <span class='ocrx_word' id='word_1_254' title='bbox 895 3550 1044 3619; x_wconf 80' lang='lat' dir='ltr'><strong>licticnnt).</strong></span> 
     </span>
     <span class='ocr_line' id='line_1_31' title="bbox 336 3621 1404 3697; baseline 0.002 -24"><span class='ocrx_word' id='word_1_255' title='bbox 336 3632 392 3685; x_wconf 65' lang='lat' dir='ltr'><strong>tun</strong></span> <span class='ocrx_word' id='word_1_256' title='bbox 405 3622 449 3674; x_wconf 81' lang='lat' dir='ltr'><strong>sed</strong></span> <span class='ocrx_word' id='word_1_257' title='bbox 463 3621 575 3674; x_wconf 76' lang='lat' dir='ltr'><strong>versibus</strong></span> <span class='ocrx_word' id='word_1_258' title='bbox 589 3621 618 3674; x_wconf 87' lang='lat' dir='ltr'><strong>in</strong></span> <span class='ocrx_word' id='word_1_259' title='bbox 634 3641 733 3695; x_wconf 76' lang='lat' dir='ltr'><strong>prorem</strong></span> <span class='ocrx_word' id='word_1_260' title='bbox 749 3642 795 3675; x_wconf 81' lang='lat' dir='ltr'><strong>eeu</strong></span> <span class='ocrx_word' id='word_1_261' title='bbox 808 3643 848 3696; x_wconf 90' lang='lat' dir='ltr'><strong>pe·</strong></span> <span class='ocrx_word' id='word_1_262' title='bbox 928 3632 1022 3684; x_wconf 76' lang='lat' dir='ltr'><strong>ml,</strong></span> <span class='ocrx_word' id='word_1_263' title='bbox 1045 3634 1117 3686; x_wconf 66' lang='lat' dir='ltr'><strong>Am,</strong></span> <span class='ocrx_word' id='word_1_264' title='bbox 1144 3632 1276 3697; x_wconf 56' lang='lat' dir='ltr'><strong>Uxorem,</strong></span> <span class='ocrx_word' id='word_1_265' title='bbox 1298 3629 1404 3692; x_wconf 77' lang='lat' dir='ltr'><strong>filium,</strong></span> 
     </span>
     <span class='ocr_line' id='line_1_32' title="bbox 337 3696 1406 3772; baseline -0.003 -22"><span class='ocrx_word' id='word_1_266' title='bbox 337 3697 444 3751; x_wconf 80' lang='lat' dir='ltr'><strong>destrcm</strong></span> <span class='ocrx_word' id='word_1_267' title='bbox 463 3718 607 3752; x_wconf 82' lang='lat' dir='ltr'><strong>sermonem</strong></span> <span class='ocrx_word' id='word_1_268' title='bbox 626 3699 743 3765; x_wconf 76' lang='lat' dir='ltr'><strong>mutatis,</strong></span> <span class='ocrx_word' id='word_1_269' title='bbox 766 3700 848 3753; x_wconf 76' lang='lat' dir='ltr'><strong>ablata</strong></span> <span class='ocrx_word' id='word_1_270' title='bbox 896 3698 984 3752; x_wconf 75' lang='lat' dir='ltr'><strong>intres</strong></span> <span class='ocrx_word' id='word_1_271' title='bbox 1010 3697 1122 3772; x_wconf 81' lang='lat' dir='ltr'><strong>exemplo</strong></span> <span class='ocrx_word' id='word_1_272' title='bbox 1147 3710 1191 3750; x_wconf 85' lang='lat' dir='ltr'><strong>tuo</strong></span> <span class='ocrx_word' id='word_1_273' title='bbox 1212 3696 1291 3770; x_wconf 80' lang='lat' dir='ltr'><strong>erige.</strong></span> <span class='ocrx_word' id='word_1_274' title='bbox 1312 3697 1406 3748; x_wconf 80' lang='lat' dir='ltr'><strong>Nonne</strong></span> 
     </span>
     <span class='ocr_line' id='line_1_33' title="bbox 336 3771 1407 3852; baseline -0.008 -23"><span class='ocrx_word' id='word_1_275' title='bbox 336 3778 471 3832; x_wconf 84' lang='lat' dir='ltr'><strong>verborum</strong></span> <span class='ocrx_word' id='word_1_276' title='bbox 488 3785 629 3842; x_wconf 75' lang='lat' dir='ltr'><strong>structure,</strong></span> <span class='ocrx_word' id='word_1_277' title='bbox 648 3789 673 3829; x_wconf 90' lang='lat' dir='ltr'><strong>et</strong></span> <span class='ocrx_word' id='word_1_278' title='bbox 690 3777 749 3830; x_wconf 72' lang='lat' dir='ltr'><strong>satie</strong></span> <span class='ocrx_word' id='word_1_279' title='bbox 766 3777 849 3852; x_wconf 81' lang='lat' dir='ltr'><strong>ample</strong></span> <span class='ocrx_word' id='word_1_280' title='bbox 897 3787 1016 3849; x_wconf 73' lang='lat' dir='ltr'><strong>preterca</strong></span> <span class='ocrx_word' id='word_1_281' title='bbox 1036 3775 1088 3848; x_wconf 82' lang='lat' dir='ltr'><strong>ipse</strong></span> <span class='ocrx_word' id='word_1_282' title='bbox 1115 3775 1199 3828; x_wconf 75' lang='lat' dir='ltr'><strong>Cesar</strong></span> <span class='ocrx_word' id='word_1_283' title='bbox 1217 3771 1343 3828; x_wconf 80' lang='lat' dir='ltr'><strong>Claudius</strong></span> <span class='ocrx_word' id='word_1_284' title='bbox 1363 3771 1407 3822; x_wconf 88' lang='lat' dir='ltr'><strong>tibi</strong></span> 
     </span>
     <span class='ocr_line' id='line_1_34' title="bbox 337 3849 1407 3928; baseline -0.002 -23"><span class='ocrx_word' id='word_1_285' title='bbox 337 3853 539 3928; x_wconf 84' lang='lat' dir='ltr'><strong>interpretatione</strong></span> <span class='ocrx_word' id='word_1_286' title='bbox 555 3852 675 3907; x_wconf 74' lang='lat' dir='ltr'><strong>adbibita·</strong></span> <span class='ocrx_word' id='word_1_287' title='bbox 822 3910 830 3924; x_wconf 73' lang='lat'><strong>,</strong></span> <span class='ocrx_word' id='word_1_288' title='bbox 898 3851 1006 3905; x_wconf 81' lang='lat' dir='ltr'><strong>maximo</strong></span> <span class='ocrx_word' id='word_1_289' title='bbox 1015 3851 1105 3905; x_wconf 85' lang='lat' dir='ltr'><strong>solatio</strong></span> <span class='ocrx_word' id='word_1_290' title='bbox 1114 3849 1407 3913; x_wconf 76' lang='lat' dir='ltr'><strong>eritibaudesCleudii,</strong></span> 
     </span>
    </p>

    <p class='ocr_par' dir='ltr' id='par_1_5' title="bbox 371 3927 1409 4004">
     <span class='ocr_line' id='line_1_35' title="bbox 371 3927 1409 4004; baseline -0.002 -22"><span class='ocrx_word' id='word_1_291' title='bbox 371 3931 550 3999; x_wconf 65' lang='lat' dir='ltr'><strong>mEoetemplo.</strong></span> <span class='ocrx_word' id='word_1_292' title='bbox 558 3929 658 4004; x_wconf 76' lang='lat' dir='ltr'><strong>Lipsius</strong></span> <span class='ocrx_word' id='word_1_293' title='bbox 667 3947 674 3980; x_wconf 80' lang='lat' dir='ltr'><strong>t</strong></span> <span class='ocrx_word' id='word_1_294' title='bbox 683 3929 777 3981; x_wconf 78' lang='lat' dir='ltr'><strong>«Meus</strong></span> <span class='ocrx_word' id='word_1_295' title='bbox 786 3929 850 3982; x_wconf 90' lang='lat' dir='ltr'><strong>liber</strong></span> <span class='ocrx_word' id='word_1_296' title='bbox 899 3930 942 4001; x_wconf 89' lang='lat' dir='ltr'><strong>qui</strong></span> <span class='ocrx_word' id='word_1_297' title='bbox 949 3930 1095 3984; x_wconf 83' lang='lat' dir='ltr'><strong>ministrum</strong></span> <span class='ocrx_word' id='word_1_298' title='bbox 1106 3949 1180 3984; x_wconf 82' lang='lat' dir='ltr'><strong>snum</strong></span> <span class='ocrx_word' id='word_1_299' title='bbox 1191 3943 1217 3982; x_wconf 87' lang='lat' dir='ltr'><strong>et</strong></span> <span class='ocrx_word' id='word_1_300' title='bbox 1225 3927 1409 4001; x_wconf 80' lang='lat' dir='ltr'><strong>alloquiisdul·</strong></span> 
     </span>
    </p>

    <p class='ocr_par' dir='ltr' id='par_1_6' title="bbox 318 4007 1409 4236">
     <span class='ocr_line' id='line_1_36' title="bbox 318 4007 1409 4082; baseline -0.001 -24"><span class='ocrx_word' id='word_1_301' title='bbox 318 4007 320 4013; x_wconf 84' lang='lat'>&#39;</span> <span class='ocrx_word' id='word_1_302' title='bbox 337 4012 458 4076; x_wconf 71' lang='lat' dir='ltr'><strong>exeueplo</strong></span> <span class='ocrx_word' id='word_1_303' title='bbox 468 4007 717 4076; x_wconf 79' lang='lat' dir='ltr'><strong>etincidebatlegere</strong></span> <span class='ocrx_word' id='word_1_304' title='bbox 728 4020 735 4054; x_wconf 79' lang='lat' dir='ltr'><strong>t</strong></span> <span class='ocrx_word' id='word_1_305' title='bbox 745 4010 851 4076; x_wconf 75' lang='lat' dir='ltr'><strong>etquis·</strong></span> <span class='ocrx_word' id='word_1_306' title='bbox 899 4007 1004 4060; x_wconf 80' lang='lat' dir='ltr'><strong>cissimis</strong></span> <span class='ocrx_word' id='word_1_307' title='bbox 1019 4007 1142 4061; x_wconf 79' lang='lat' dir='ltr'><strong>solabitur</strong></span> <span class='ocrx_word' id='word_1_308' title='bbox 1161 4019 1186 4060; x_wconf 87' lang='lat' dir='ltr'><strong>et</strong></span> <span class='ocrx_word' id='word_1_309' title='bbox 1205 4008 1259 4082; x_wconf 77' lang='lat' dir='ltr'><strong>ipsa</strong></span> <span class='ocrx_word' id='word_1_310' title='bbox 1277 4007 1409 4076; x_wconf 64' lang='lat' dir='ltr'><strong>presentie</strong></span> 
     </span>
     <span class='ocr_line' id='line_1_37' title="bbox 339 4083 1409 4157; baseline -0.003 -19"><span class='ocrx_word' id='word_1_311' title='bbox 339 4087 398 4152; x_wconf 76' lang='lat' dir='ltr'><strong>ouis</strong></span> <span class='ocrx_word' id='word_1_312' title='bbox 407 4087 464 4138; x_wconf 80' lang='lat' dir='ltr'><strong>eine</strong></span> <span class='ocrx_word' id='word_1_313' title='bbox 471 4089 617 4155; x_wconf 70' lang='lat' dir='ltr'><strong>exemplo.»</strong></span> <span class='ocrx_word' id='word_1_314' title='bbox 626 4083 678 4138; x_wconf 77' lang='lat' dir='ltr'><strong>Sed</strong></span> <span class='ocrx_word' id='word_1_315' title='bbox 685 4084 851 4157; x_wconf 70' lang='lat' dir='ltr'><strong>vulgatasatis</strong></span> <span class='ocrx_word' id='word_1_316' title='bbox 899 4084 1033 4149; x_wconf 66' lang='lat' dir='ltr'><strong>recreabit,</strong></span> <span class='ocrx_word' id='word_1_317' title='bbox 1043 4098 1150 4156; x_wconf 85' lang='lat' dir='ltr'><strong>votaque</strong></span> <span class='ocrx_word' id='word_1_318' title='bbox 1158 4085 1189 4138; x_wconf 83' lang='lat' dir='ltr'><strong>ed</strong></span> <span class='ocrx_word' id='word_1_319' title='bbox 1200 4085 1272 4138; x_wconf 79' lang='lat' dir='ltr'><strong>Deos</strong></span> <span class='ocrx_word' id='word_1_320' title='bbox 1281 4097 1311 4136; x_wconf 92' lang='lat' dir='ltr'><strong>ut</strong></span> <span class='ocrx_word' id='word_1_321' title='bbox 1320 4083 1409 4136; x_wconf 79' lang='lat' dir='ltr'><strong>diutis-</strong></span> 
     </span>
     <span class='ocr_line' id='line_1_38' title="bbox 340 4161 1048 4236; baseline -0.001 -22"><span class='ocrx_word' id='word_1_322' title='bbox 340 4161 404 4215; x_wconf 88' lang='lat' dir='ltr'><strong>bene</strong></span> <span class='ocrx_word' id='word_1_323' title='bbox 415 4162 573 4236; x_wconf 80' lang='lat' dir='ltr'><strong>intelligitur.</strong></span> <span class='ocrx_word' id='word_1_324' title='bbox 899 4163 962 4216; x_wconf 85' lang='lat' dir='ltr'><strong>sime</strong></span> <span class='ocrx_word' id='word_1_325' title='bbox 974 4162 1048 4216; x_wconf 80' lang='lat' dir='ltr'><strong>vivet.</strong></span> 
     </span>
    </p>
   </div>
   <div class='ocr_carea' id='block_1_5' title="bbox 0 0 1508 4948">
    <p class='ocr_par' dir='ltr' id='par_1_7' title="bbox 0 0 1508 4948">
     <span class='ocr_line' id='line_1_39' title="bbox 0 0 1508 4948; baseline 0 0"><span class='ocrx_word' id='word_1_326' title='bbox 0 0 1508 4948; x_wconf 95' lang='lat' dir='ltr'><strong> </strong></span> 
     </span>
    </p>
   </div>
  </div>
 </body>
</html>
