2978 4942
404 413 497 481 nin.
525 411 578 496 v,
606 412 715 480 cnr.
743 397 851 481 vui.
1101 413 1167 500 ⁵43

104 546 222 640 gratiae
237 567 341 639 agere
360 571 367 611 :
387 569 456 637 quo
472 544 572 624 modo
592 542 776 639 objurgare
795 569 833 616 ae
843 595 855 633 ,
875 545 925 613 alc
947 561 981 613 et
1000 546 1139 615 laudare
1159 572 1167 613 :

13 657 16 762 ἐ
104 657 279 750 quomodo
292 657 415 726 damno
431 658 497 728 eibi
514 681 608 742 ecce,
629 659 678 726 aio
693 675 728 726 et
743 659 838 728 lucro
856 675 977 752 potest.
995 659 1125 752 lnjuria
1137 674 1173 727 et

13 777 15 784 '
104 778 304 847 beneficium
328 777 499 844 contraria
527 791 624 862 aunt3
654 777 682 843 ai
706 773 749 844 de
767 775 881 869 aliquo
899 774 1063 858 dicimus,
1079 776 1174 869 inju-

13 963 14 966 ,
105 897 184 984 riam
193 893 260 962 sibi
273 893 355 964 fecit
370 920 377 960 :
391 893 578 990 poterimus
592 890 719 976 dicere,
731 892 942 960 Beneficium
955 892 1022 961 sibi
1037 891 1169 962 dedit.»

155 995 247 1077 Vlll.
268 1010 416 1076 Natura¹
438 1007 504 1074 sibi
523 1003 674 1076 debet²l
690 1009 820 1076 Natura
836 1010 933 1102 priua¹
951 1026 1022 1093 eat,
1045 1027 1083 1078 ut
1098 1012 1175 1104 quia

105 1131 246 1216 debeat,
263 1127 389 1198 deinde
402 1144 441 1197 ut
456 1129 600 1224 gratiam
618 1129 766 1216 referat3
790 1125 1013 1199 debitor'non
1032 1131 1084 1200 ea't
1101 1134 1176 1201 aine

103 1248 290 1330 creditore5
307 1269 377 1314 non
392 1246 501 1338 magia
514 1267 617 1337 quam
635 1246 776 1314 maritus
794 1247 868 1315 sine
881 1271 1010 1330 uxore,
1027 1264 1087 1317 aut
1101 1250 1176 1318 aine

103 1365 171 1452 filio
189 1377 299 1458 pater.
316 1361 452 1454 Aliquis
472 1357 554 1429 dare
571 1358 695 1444 debet,
715 1377 754 1429 ut
769 1361 896 1455 aliquia
913 1364 1058 1457 accipiat
1077 1391 1085 1432 :
1107 1383 1177 1434 nou

102 1498 154 1552 cat
166 1479 267 1565 dare,
284 1502 349 1548 nec
366 1479 541 1572 recipere,
564 1479 601 1545 in
628 1476 801 1548 dexteram
821 1505 959 1550 manum
979 1481 1023 1550 de
1041 1484 1177 1575 sinistra

103 1597 299 1668 transferre.
316 1595 397 1689 Quo
416 1594 516 1664 modo
535 1618 635 1663 nemo
661 1611 850 1690 seponat,
872 1598 1026 1689 quamvis
1053 1623 1177 1693 corpus
1203 1629 1221 1662 α

98 1740 196 1785 auum
210 1728 343 1784 moreat
353 1730 388 1781 et
399 1712 581 1781 transferat
598 1738 606 1778 :
626 1737 694 1805 qno
708 1712 808 1782 modo
817 1739 917 1784 nemo
924 1766 935 1803 ,
948 1718 1103 1808 quamvis
1114 1742 1177 1810 pro

102 1856 138 1900 ae
153 1830 292 1913 dixerit,
307 1829 442 1898 affuicae
454 1827 520 1896 aibi
533 1820 694 1914 dicitur³,
708 1854 772 1898 nec
782 1846 924 1900 statuam
936 1832 1002 1902 eibi
1017 1848 1178 1925 tanquam

100 1940 263 2044 patrono⁴
278 1947 376 2040 ponit
394 1971 402 2011 :
420 1969 489 2037 quo
509 1942 621 2028 modo,
634 1945 663 2012 ai
681 1969 774 2039 aeger
789 1970 866 2016 cum
885 1971 1041 2018 cumana
1057 1972 1179 2020 conva-

101 2065 183 2148 luit,
204 2059 400 2148 mercedem
418 2085 439 2128 a
458 2083 494 2128 ae
513 2068 582 2127 lion
599 2061 705 2155 exigit
729 2089 736 2128 :
764 2063 815 2131 sic'
834 2065 871 2131 in
899 2065 990 2132 omni
1016 2066 1176 2159 negotio,

101 2183 202 2250 etiam
215 2203 320 2273 quum
333 2175 465 2270 aliquid
476 2173 637 2271 prodeaae
650 2176 717 2245 cibi
734 2176 855 2246 fecerit
865 2173 891 2262 ⁵,
909 2171 978 2247 non
991 2194 1104 2248 tumen
1118 2179 1178 2249 de·

99 2298 197 2370 bebit
209 2297 341 2367 referre
356 2296 499 2390 gratiam
511 2294 596 2376 cibi,
613 2295 694 2387 quia
706 2318 775 2363 non
789 2294 951 2381 babebit,
966 2299 1021 2366 cui
1036 2300 1176 2368 referat.

98 2492 133 2546 83
143 2491 230 2562 ibique
240 2490 326 2544 Bentl.
338 2489 377 2542 M.
393 2491 459 2545 Calo
474 2489 568 2561 maior,
584 2489 612 2540 iu
663 2489 716 2541 ait:
733 2509 747 2536 α
764 2485 846 2562 Caput
858 2486 901 2543 bic
919 2509 1014 2544 novum
1034 2491 1099 2556 feci,
1117 2510 1178 2543 nam

99 2571 174 2638 cujus
189 2569 242 2622 vita
256 2581 281 2621 et
295 2568 445 2621 Plutarchus
459 2567 535 2640 bujua
548 2586 614 2641 prte-
663 2586 703 2619 rec
723 2577 775 2620 tota
787 2562 836 2620 alia
849 2579 874 2620 et
884 2567 983 2620 orditur
1000 2569 1050 2639 jam
1063 2569 1179 2624 refutare.

99 2647 168 2721 cepti
184 2646 319 2711 meminit,
336 2644 404 2715 quod
417 2643 501 2697 necin
518 2643 570 2715 ejus
579 2642 615 2694 li-
665 2642 778 2717 Abrupta
790 2644 865 2710 tatis,
877 2646 975 2712 falcon
994 2646 1016 2699 ci
1027 2660 1112 2701 tamen
1125 2646 1179 2701 brec

98 2727 147 2780 bro
155 2725 234 2779 delle
242 2737 302 2778 ruat.
311 2723 394 2776 adbuc
402 2722 531 2796 superstite
539 2722 616 2775 decet·
664 2722 746 2796 plena.
758 2743 771 2768 a
785 2723 860 2796 Apud
871 2723 1004 2775 Erasmum
1018 2725 1120 2777 initium
1133 2724 1181 2777 bu·

135 2803 208 2857 Vlll.
220 2804 293 2858 Atto.
310 2803 430 2854 Refutare
441 2800 531 2874 incipit
543 2799 614 2852 illam
663 2799 702 2872 jue
714 2799 802 2872 capitia
811 2813 848 2853 eet
861 2801 970 2854 arcebis
982 2791 1104 2873 :Aliquis
1115 2803 1181 2856 dure

97 2883 269 2959 opinionem,
280 2900 351 2955 posse
364 2900 412 2933 noe
420 2879 494 2934 nobit
511 2876 615 2932 beneli-
664 2877 1181 2952 debel,etc.llqui‹lemputo‚relutationem

97 2966 171 3018 cium
182 2963 258 3027 dare,
271 2961 363 3034 gratias
373 2980 464 3034 agere,
474 2971 520 3012 etc.
665 2957 777 3029 incipere
787 2956 892 3010 averbia
902 2974 908 3008 τ
917 2959 1025 3011 Natura
1030 2961 1122 3026 prius,
1133 2971 1180 3012 etc.

137 3061 159 3093 r.
170 3041 288 3104 Nurum,
297 3050 344 3092 etc.
355 3037 569 3111 Lipsium‚.quem
581 3036 616 3112 ip·
664 3049 689 3089 et
699 3035 742 3089 illa
753 3053 760 3088 ε
772 3035 879 3088 Natum
892 3037 945 3088 siba·
953 3037 1028 3090 debet
1044 3037 1077 3090 ad
1089 3057 1182 3110 prece·
1230 3028 1232 3036 ¹

97 3137 159 3172 sum
167 3135 256 3191 parum
269 3115 368 3168 concire
383 3127 408 3166 et
419 3113 544 3166 concinne
555 3113 616 3167 scri·
665 3113 888 3187 dentiapertinere.
902 3113 1134 3170 adornationem
1146 3129 1183 3168 ta-

97 3197 181 3270 paiaae
188 3192 353 3258 constat,baec
362 3192 466 3266 abrupte
475 3193 554 3262 posita
564 3211 616 3244 ease
664 3211 725 3244 men
748 3210 850 3262 quoque
869 3193 995 3265 pertinere
1013 3208 1136 3266 possunt,
1161 3194 1182 3248 ai

96 3272 287 3349 pronuntiare,
309 3270 416 3322 mireris·
438 3271 493 3322 Nec
512 3269 617 3343 abrupte
666 3281 722 3343 post
732 3270 806 3321 debet
822 3281 915 3342 puncta
927 3271 1048 3344 interrog.
1061 3294 1147 3348 ponas.

97 3372 155 3406 esse
165 3350 245 3424 posita
253 3347 337 3420 quivis
347 3347 480 3422 intelliget,
491 3346 569 3401 modo
579 3367 617 3401 re·
700 3345 724 3397 3.
735 3343 856 3415 Assuisse
865 3347 917 3398 sibi
924 3349 1027 3402 dicitur.
1036 3351 1070 3403 ll.
1083 3371 1105 3403 e.
1114 3355 1185 3407 auxi·

98 3444 191 3505 putet.
207 3447 263 3500 quae
272 3425 365 3481 Stoicis
375 3425 559 3499 proprialnerit
570 3423 618 3476 ari·
666 3423 732 3477 lium
748 3422 797 3475 cibi
812 3422 910 3475 dedisse
921 3438 1035 3478 accusato
1046 3447 1054 3490 ;
1067 3428 1182 3484 advocati

96 3511 168 3563 ditas
176 3503 619 3580 inergumentando‚camintertlum
667 3502 779 3578 partibus
791 3504 908 3556 lirnctum
921 3523 981 3576 erga
993 3504 1110 3576 seipsum.

95 3601 191 3641 nostro
203 3586 308 3641 haerere·
699 3585 724 3648 4.
737 3583 854 3635 Patrono
864 3579 932 3649 quod
946 3579 1029 3633 liberti
1045 3595 1088 3635 aut
1098 3583 1183 3636 clien-

135 3685 162 3718 α.
176 3664 285 3716 Natum
301 3661 396 3729 (ablat.
407 3665 485 3728 caru)
500 3661 552 3713 sibi
569 3662 619 3712 de-
669 3674 718 3721 tea,
733 3658 818 3732 lipsio
829 3671 895 3711 recte
908 3658 1071 3722 observante,
1081 3662 1183 3730 adquos

92 3745 152 3808 bet,
166 3740 416 3796 etusicnmncafcre
426 3737 510 3803 codil,
522 3737 619 3790 namin
668 3748 777 3813 spectat,
791 3735 948 3789 sollemniter
957 3737 1047 3790 solent.
1062 3739 1095 3790 Et
1112 3739 1183 3793 bases

92 3817 298 3874 correctioribus
319 3817 393 3870 codtl.
413 3815 550 3868 Pincianus
569 3815 616 3882 ait,
668 3835 727 3868 cum
739 3813 865 3885 ejusmodi
879 3813 990 3867 litulia‘a.
1005 3815 1183 3888 inscriptioni-

91 3901 157 3952 btec
169 3894 248 3949 rerba
262 3895 368 3948 omnino
378 3894 522 3947 tleaiderar'i.
530 3895 619 3947 Mure·
668 3893 715 3947 bus
728 3891 814 3944 multu
826 3903 929 3944 exeunt.
943 3892 1053 3946 Martial.
1070 3894 1114 3947 lib.
1127 3895 1182 3962 lx,

92 3973 621 4046 tuaAgricolceconjcctnram:Nemosr'ba'
669 3970 747 4044 epigr.
768 3985 830 4022 cxlx
852 3988 859 4024 :
878 3991 891 4017 a
911 3969 1075 4025 Causidicum
1097 3975 1183 4029 madio

92 4059 181 4110 debet
191 4054 220 4107 in
230 4065 323 4108 textum
334 4053 443 4127 recepit,
452 4050 621 4123 reliquiaetli·
670 4068 749 4121 quum
763 4049 832 4101 faber
844 4061 911 4123 aptat
924 4069 997 4120 equo.
1011 4071 1024 4098 a

92 4131 205 4186 turibus
218 4129 374 4202 sequacibus.
396 4129 517 4184 Erasmus
528 4126 621 4200 vulga·
704 4121 728 4177 5‘.
740 4123 835 4178 Etiam
851 4145 932 4196 quum
946 4130 1053 4197 aliquid
1063 4133 1186 4196 pmdesse

94 4225 159 4264 turn
175 4210 264 4263 tenuit.
275 4208 401 4264 Craterum
413 4207 511 4280 Lipsius
520 4205 553 4262 atl
566 4205 590 4258 lt.
604 4205 621 4256 l.
672 4203 724 4257 sr'bi
730 4205 826 4275 ficeril.
838 4204 964 4258 Omnium
974 4206 1047 4260 codd.
1059 4209 1185 4263 cellectio.
