2976 4950
400 427 497 544 nin.
524 473 613 561 111,
639 469 747 544 cer.
775 473 888 544 xm.
1113 473 1179 554 425
1267 461 1268 466 ‘

111 609 216 674 luerit
233 606 357 698 judex,
379 621 437 674 aut
454 604 498 672 ed
517 604 608 684 hee,
629 618 688 670 aut
705 601 749 669 ad
772 603 831 670 illa
855 605 1036 672 inclinatus
1053 601 1178 668 animo.
1256 655 1260 663 ,

110 728 279 794 Praeterce
288 723 492 792 creditorem
506 720 591 788 mihi
605 719 678 812 ipsc
697 719 788 814 eligo
802 720 1024 788 :beneficium
1039 741 1124 811 serpe
1138 717 1181 783 ab

111 863 152 907 co
173 839 325 931 accipio,
345 861 365 906 e
383 861 451 930 quo
465 835 567 922 nolo;
591 850 625 902 et
646 834 829 926 aliquando
848 837 1010 930 ignorans
1032 835 1177 927 obligor.

111 955 211 1048 Quid
228 952 354 1024 facies?
366 956 539 1048 ingratum
553 951 691 1020 vocabis
707 976 802 1035 eum,
820 955 876 1021 cui
893 953 1098 1021 beneficium
1112 951 1184 1016 ins-

112 1073 188 1153 cio,
203 1086 258 1152 et,
277 1071 305 1138 ci
320 1070 491 1149 ocivioect,
511 1091 581 1135 non
594 1084 796 1159 accepturo,
812 1069 1005 1162 impositum
1020 1083 1070 1136 est
1088 1094 1096 1132 :
1114 1090 1183 1132 non

113 1186 250 1255 vocabit
266 1209 369 1262 eum,
389 1187 449 1277 qui
470 1199 653 1275 utcumque
671 1199 847 1276 occeptum
865 1209 934 1252 non
954 1181 1138 1252 reddidit?

162 1302 259 1370 XIII.
280 1299 415 1393 Aliquis
432 1299 527 1367 dedit
546 1297 629 1366 mihi
648 1299 871 1384 beneficium,
891 1298 1054 1368 sedidem
1069 1312 1185 1391 postea

113 1418 196 1486 lecit
204 1417 378 1508 injuriem¹
387 1467 396 1484 .
404 1419 527 1484 Utrum
537 1438 607 1483 uno
620 1437 760 1482 munere
773 1414 816 1482 nd
827 1417 1024 1506 patientiam
1035 1415 1184 1480 omnium

114 1527 318 1626 injuriarum
338 1529 535 1626 adstringor
553 1555 561 1596 ι
581 1553 626 1596 an
647 1529 792 1622 perinde
818 1533 890 1598 erit
910 1536 973 1598 ac’
992 1531 1019 1597 si
1042 1529 1185 1622 gratiam

113 1646 310 1727 retulerim,
332 1649 414 1738 quia
425 1637 631 1714 beneficium
646 1669 744 1738 ouum
760 1647 832 1738 ipse
852 1645 1043 1737 insequenti
1059 1643 1185 1734 injuria

112 1761 282 1830 reccidit?
305 1762 484 1854 Quomodo
512 1761 637 1830 deinde
662 1763 868 1844 aestimabis,
899 1778 1013 1829 utrum
1039 1759 1186 1853 pluerit

116 1875 213 1967 quod
237 1877 391 1970 accepit,
419 1901 463 1944 en
481 1877 518 1944 in
542 1900 610 1967 quo
635 1876 734 1944 laesus
763 1893 815 1945 est
832 1879 848 1946 i'
864 1879 946 1945 Dies
972 1901 1025 1945 me
1047 1875 1186 1943 deficiet

113 2017 230 2060 omnes
247 1992 465 2061 difficultates
489 1995 649 2086 persequi
667 2009 865 2062 tentantem.
893 1991 1105 2069 andiores,
1130 1993 1186 2060 in·

114 2112 211 2202 quit,
230 2111 274 2179 ad
290 2111 458 2179 beneficia
475 2107 587 2178 danda
606 2110 769 2194 fecimus,
789 2135 858 2180 non
872 2110 1076 2181 vindicando
1091 2108 1181 2192 data,

115 2253 180 2295 nec
197 2227 398 2296 infitiatores
418 2250 534 2294 eorum
553 2225 736 2295 alliciendo
754 2251 867 2320 poenn.
900 2225 967 2296 Sed
987 2225 1073 2320 illud
1097 2248 1184 2317 quo-

114 2368 183 2435 que
201 2343 264 2410 tibi
275 2367 294 2410 e
305 2343 475 2412 contrnrio
489 2359 645 2411 occurrat
664 2369 672 2410 ε
691 2343 797 2411 multo
816 2341 982 2412 tardiores
1000 2343 1130 2411 futuros
1141 2341 1186 2409 ed

114 2458 313 2553 accipienda
330 2458 517 2541 beneficia,
545 2460 573 2526 si
601 2459 790 2552 periculum
810 2483 916 2527 causae
934 2457 1087 2527 dicendae
1109 2459 1186 2526 adi·

114 2574 184 2642 turi
198 2589 311 2656 erunt,
324 2574 594 2642 etinnocentiam
608 2574 802 2642 sollicitiore
815 2574 966 2642 habituri
978 2574 1065 2641 loco.
1082 2575 1185 2642 Dein-

114 2691 178 2772 de,
192 2692 319 2759 erimus
333 2714 396 2782 per
406 2689 472 2758 hoc
485 2691 549 2783 ipsi
562 2713 698 2781 quoque
712 2690 755 2757 ad
765 2687 876 2756 danda
890 2688 1073 2774 tardiorem
1085 2713 1184 2758 nemo

114 2807 205 2874 enim
219 2807 367 2874 libenter·
382 2805 441 2873 dat
454 2806 570 2874 invitis
588 2833 596 2871 z
611 2805 672 2875 ted
687 2807 893 2898 quicumque
907 2805 951 2874 ed
968 2805 1185 2874 benefacien-

148 3054 218 3104 Xlll.
231 3056 299 3106 Anu.
309 3055 338 3106 ld
351 3073 452 3124 quoque
466 3053 573 3127 gretiam
586 3074 626 3105 re·
676 3067 760 3123 postea
777 3054 864 3107 nocuit
875 3074 951 3125 quam
963 3067 1035 3106 antea
1051 3054 1183 3125 prolueret

114 3133 179 3182 serre
200 3130 297 3184 volenti
321 3131 448 3184 obstaculo
470 3151 536 3197 esec,
557 3132 627 3202 qnod
676 3128 703 3181 Si
714 3141 806 3181 rectore
820 3129 889 3181 illem
899 3130 976 3202 rigidi
986 3129 1076 3200 judicis
1086 3141 1185 3181 senten-

116 3209 158 3260 ille
170 3209 244 3262 nobis
254 3209 373 3277 iniuriam
384 3211 458 3264 saciet
466 3211 511 3281 qui
521 3211 627 3264 antehac
675 3205 737 3258 tltm
749 3207 856 3274 quoeris,
874 3207 981 3260 alterum
993 3208 1026 3259 ab
1040 3205 1117 3259 altero
1134 3205 1184 3258 ab·

116 3285 268 3338 beneficium
276 3287 387 3351 dedet-iu
401 3301 424 3339 et
438 3289 499 3360 quid
513 3301 573 3341 tune
583 3291 627 3340 sa·
675 3282 789 3336 solveret
798 3284 863 3338 dicet
873 3303 881 3337 t
891 3285 1013 3352 Qunmrls
1024 3284 1185 3356 injuriaprae·

116 3365 452 3421 ciendumnonleeillimum
463 3368 626 3441 distinguere.
676 3359 814 3432 p0¹1tlerel‚
829 3375 915 3414 limen
936 3360 1065 3415 beueficlls
1077 3361 1184 3414 donetur

117 3443 235 3512 objectio
256 3446 399 3498 confutatur
423 3465 452 3497 ex
476 3444 526 3498 hoc
551 3445 628 3518 petita
675 3437 744 3506 quod
766 3459 795 3490 ex
814 3436 906 3508 injuria
924 3451 1041 3510 superest.
1058 3438 1118 3490 Plus
1132 3458 1185 3490 no-

117 3522 188 3592 quod
198 3543 252 3575 non
263 3523 417 3576 vindicando
426 3525 495 3591 date,
507 3523 627 3577 tardiores
677 3516 741 3579 ‘filli
751 3516 795 3568 ’etl
807 3516 874 3588 Pflffl
885 3516 986 3587 Pl⁰full
994 3517 1080 3587 Inque
1091 3515 1183 3570 habea-

117 3600 181 3652 alios
195 3599 318 3654 efficimus
330 3601 361 3653 ad
374 3599 497 3656 beneficia
507 3601 601 3654 denda.
678 3607 718 3646 tur
729 3608 754 3646 et
770 3594 887 3668 temporis
902 3593 996 3646 ratio.»
1012 3595 1184 3665 Legemque

153 3697 175 3728 r.
186 3675 241 3728 Sed
246 3679 317 3728 idem
323 3678 485 3746 posteafizclt
494 3681 626 3741 injuriam.
676 3675 911 3745 eequuntur,dignr
919 3692 978 3726 sane
985 3693 1041 3742 quc
1048 3674 1128 3748 legas,
1139 3675 1184 3727 etei

117 3755 160 3806 Ad
176 3755 230 3809 lraee
242 3755 319 3808 verbe
333 3755 420 3809 laudat
435 3756 532 3830 Lipsius
548 3755 628 3828 Epist.
678 3753 770 3806 adrem
783 3753 867 3806 minus
880 3751 1040 3824 pertinentia.
1238 3792 1243 3804 .

118 3832 208 3885 Senee.
227 3833 354 3898 Lxxxl,
378 3853 436 3904 quae
455 3834 516 3886 talia
533 3833 627 3885 lubet:
711 3828 1184 3901 2.Perinde....ac.l.aequeac0llulrn·

118 3933 131 3954 «
140 3908 207 3962 lllud
221 3909 302 3982 magio
314 3913 479 3981 quaercndurn
492 3911 561 3982 quod
574 3931 626 3964 non
675 3911 734 3962 ken.
744 3908 771 3962 in
786 3909 856 3976 pref.
868 3909 900 3960 ed
914 3905 1185 3960 schelleritexiedari-

116 3986 189 4048 satis,
208 3998 236 4038 nt
257 3987 387 4053 existimo,
402 3989 551 4062 explicatum
574 4001 626 4042 eet:
676 3989 771 4042 nnbat.
782 3988 882 4040 monuit
894 4007 971 4040 unam
982 3986 1041 4038 huic
1052 3984 1184 4058 proverbio

116 4066 159 4114 An
171 4064 191 4116 is
201 4064 245 4135 qui
255 4065 429 4137 proluitnobis
439 4105 446 4132 ,
457 4067 479 4118 si
488 4079 573 4140 postea
583 4085 628 4118 no·
677 4065 741 4119 hene
752 4065 802 4116 rim
814 4085 876 4126 esse,
889 4082 1053 4134 necunquam
1064 4082 1109 4135 pro
1122 4061 1184 4114 mul-

117 4144 183 4207 euit‚
194 4143 262 4216 paria
271 4143 356 4198 lecerit
366 4156 391 4199 el
400 4146 539 4199 n'osdcltito
547 4146 628 4200 solve·
676 4143 830 4210 tum,velde‚
839 4142 910 4215 poni,
918 4139 1184 4211 laudavitquellulrcr.

118 4219 157 4270 rit.
176 4221 265 4291 Adjicc
276 4222 298 4273 si
309 4221 347 4274 vis
356 4235 380 4273 ct
388 4222 453 4274 illud
463 4223 561 4276 :lllulto
572 4223 626 4293 plus
676 4220 708 4272 ad
725 4221 781 4272 Liv.
790 4221 895 4285 XXIII,
908 4241 947 4272 αι.
