2976 4950
391 467 487 535 me.
518 470 581 556 11,
608 469 716 539 cte.
743 469 859 538 xm.
1090 477 1156 568 369

83 619 166 687 rat,
191 602 250 693 qui
268 599 311 667 de
336 599 445 692 cupite
470 601 657 670 consularis
674 599 740 668 viri
766 607 939 670 socostus'
968 602 1151 692 audiebat,

85 720 154 788 nisi
171 719 207 784 in
225 739 262 784 os
278 715 442 784 senatoris
462 717 657 811 ingessisset
676 717 861 808 imperator
880 718 1044 812 epigros'
1062 745 1153 790 suos.

136 834 234 904 XIII.
251 831 453 924 Osuperbia
468 857 599 926 megnoe
614 828 779 900 fortunae!
796 833 828 900 Ο
841 832 1070 904 stultissimum
1083 861 1156 906 mu·

89 945 182 1018 lum!
203 963 242 1016 ut
260 971 280 1014 a
300 963 333 1014 te
356 946 446 1015 nihil
462 951 618 1043 accipere
634 944 755 1040 juvati
776 963 816 1016 ut
834 970 935 1016 omne
954 947 1158 1018 beneficium

90 1067 126 1132 in
145 1063 306 1155 injurium
326 1059 517 1131 convertis!
540 1079 580 1132 ut
599 1078 631 1132 te
652 1063 765 1130 omnia
782 1063 888 1130 nimia
907 1061 1100 1132 delectent!
1120 1081 1159 1134 ut

98 1197 130 1248 te
145 1180 260 1248 omnin
272 1177 439 1247 dedecent
454 1175 462 1245 l
483 1203 619 1272 quoque
633 1179 734 1248 altius
747 1194 781 1247 te
796 1175 977 1248 sublevasti
993 1231 1002 1261 ‚
1019 1179 1086 1249 hoc
1100 1179 1160 1249 de·

90 1296 239 1389 pressior
257 1319 316 1378 es,
339 1292 557 1387 ostendisque
583 1311 616 1362 te
639 1318 706 1362 non
725 1289 934 1386 agnoscere³
954 1298 1018 1368 istu
1042 1297 1157 1381 bona,

90 1411 217 1502 quibus
232 1424 362 1478 tantum
380 1410 522 1478 infleris.
544 1407 722 1502 Quidquid
739 1409 821 1492 des,
841 1413 1041 1505 corrumpis.
1061 1413 1163 1482 Libet

92 1531 208 1620 itaque
231 1528 463 1620 interrogare,
485 1528 571 1618 quid
591 1543 768 1620 tantopere
784 1542 817 1594 te
836 1525 1056 1623 resupinet⁴·,
1077 1527 1162 1621 quid

92 1644 222 1712 vultum
241 1639 465 1751 babitumque
482 1642 551 1711 oris
568 1656 754 1734 pervertet,
774 1657 813 1709 ut
832 1643 928 1712 malis
943 1643 1071 1713 hebere
1083 1669 1162 1740 per-

129 1886 405 1942 nSoecntuelnsolens
416 1886 464 1940 boe
474 1885 605 1938 llomanis.
654 1885 832 1954 muliebrium,
845 1888 963 1958 inprimis
969 1890 1038 1944 domi
1046 1903 1122 1957 esset,
1132 1891 1165 1945 ai·

94 1967 222 2020 litCicero
228 1966 302 2019 Verri
309 1965 418 2037 graviter
425 1965 526 2036 objecit,
536 1966 604 2036 quod
653 1964 755 2018 milium
766 1964 818 2018 iere
829 1968 921 2020 nostris
928 1969 1099 2040 pantoussler,
1112 1971 1166 2042 epi-

94 2049 209 2098 soleatus
215 2047 242 2095 in
245 2045 349 2112 publico
355 2045 471 2096 stetisset.
479 2045 546 2095 Nam
558 2039 613 2094 do·¹
653 2062 711 2113 gros
721 2045 823 2097 suffixos
834 2045 945 2099 dixerit?
957 2047 1076 2100 lileliores
1089 2048 1167 2120 igitur

94 2122 131 2174 rui
143 2122 262 2174 duntaxat
276 2120 351 2174 solete
369 2119 397 2172 in
412 2140 460 2172 nsu
474 2122 544 2173 inere
555 2155 563 2184 ‚
576 2120 603 2172 in
653 2119 727 2173 codd.
746 2135 805 2174 sunt
820 2124 987 2196 exspectandi.
1006 2149 1039 2164 -
1054 2123 1167 2194 Epr'gros

94 2199 197 2272 publico
206 2211 297 2250 etcerte
307 2197 485 2269 qunrnjudicia
490 2197 605 2260 obibant,
652 2215 712 2250 vero
724 2198 870 2252 Gronovius
880 2221 933 2254 non
944 2222 989 2275 pro
1001 2202 1080 2256 soccis
1088 2203 1167 2256 dictos

94 2275 198 2329 calceati
207 2313 214 2340 ,
222 2273 349 2348 legatique
362 2287 438 2326 erant.
451 2273 556 2328 Foedius
564 2295 605 2326 au·
654 2295 707 2327 esse
716 2277 779 2340 vult,
791 2279 833 2330 sed
844 2299 889 2352 pro
900 2299 940 2347 eo,
950 2280 1018 2351 quod
1028 2281 1168 2355 soccissup·

95 2369 146 2408 teru
161 2353 250 2427 agebat
268 2351 361 2415 Gaius,
381 2351 465 2423 quiin
486 2352 605 2406 muliebri
654 2363 753 2423 paetum
764 2353 845 2405 inerit.
858 2355 927 2425 Ergo
944 2357 1052 2407 fonnem
1064 2355 1166 2427 potius,

94 2434 172 2486 etiam
181 2431 315 2486 aoecobaec
322 2431 440 2503 patrabat.
452 2431 557 2504 Lipsius.
566 2431 606 2484 Cf.
654 2447 730 2497 qutm
745 2429 875 2482 materiam
892 2431 922 2482 iu
939 2451 1099 2502 quocumque
1110 2431 1167 2484 Caii

96 2512 202 2564 Sueten.
221 2509 302 2583 Galig.
320 2513 359 2564 in.
376 2509 446 2564 Ptin.
465 2510 530 2564 Hist.
548 2510 605 2561 Nat.
655 2505 744 2558 suffixo
757 2505 953 2560 consideraverit
966 2509 1071 2561 Seneca.
1092 2509 1167 2561 Con-

96 2591 142 2643 Iib.
154 2590 186 2655 37
198 2628 205 2654 ‚
216 2609 238 2641 e.
251 2610 274 2642 ῃ,
655 2583 704 2634 fert
718 2581 832 2634 Gronov.
845 2582 877 2635 de
891 2583 1027 2636 Beneficiis
1041 2625 1048 2651 ,
1061 2585 1105 2638 lib.
1124 2589 1164 2654 V,

131 2688 154 2720 a.
167 2667 358 2738 Epigrossuos.
372 2667 414 2720 Sic
426 2667 543 2720 emendat
551 2669 609 2720 ise·
656 2680 709 2734 τψ-
719 2660 763 2722 13,
774 2661 788 2730 S
799 2661 859 2732 3⁸q·
870 2663 988 2734 Denique
996 2665 1167 2734 loquiturSe-

96 2747 195 2800 tionem
207 2756 318 2798 veterem
329 2747 432 2814 :pigros
443 2763 518 2808 suos,
534 2763 609 2797 semu
657 2756 720 2790 neca
729 2737 759 2790 de
767 2737 891 2810 Caligula,
903 2741 976 2811 quasi
984 2741 1067 2793 adbuc
1075 2741 1166 2795 calcea-

96 2846 202 2888 cnssam,
216 2823 339 2896 Scaliger,
349 2823 391 2876 cui
403 2822 609 2897 adstipulatisnnt
656 2826 739 2878 retur,
761 2827 789 2868 ut
806 2816 920 2882 solebat,
938 2837 1016 2888 quum
1031 2818 1058 2871 id
1074 2838 1168 2892 cogno·

95 2907 139 2958 Jo.
153 2902 291 2964 biennius,
305 2903 450 2954 Maussacus
460 2913 483 2952 et
494 2899 608 2953 Gronov.
657 2903 771 2944 menium
780 2893 883 2966 strepit.

98 2985 144 3036 Fut
159 2999 241 3054 greca
258 2999 307 3032 vos
323 2980 449 3047 Ιπίουρος,
465 2976 550 3030 olavus
571 2975 609 3028 li·
690 2969 892 3022 x111.Ans.1n
908 2969 1049 3042 superbiam
1060 2971 1168 3024 divitum

97 3079 188 3132 gneus.
202 3057 241 3110 CI.
252 3056 337 3109 Nicias
348 3057 381 3108 ad
394 3055 534 3128 Geoponic.
547 3056 571 3108 X
584 3077 610 3128 p.
657 3047 1168 3124 etpotentuminvehitur,qutetarumagna

98 3139 156 3192 ets.
169 3137 257 3205 Quum
268 3153 327 3187 vero
339 3133 369 3186 de
380 3133 458 3186 soccis
467 3151 550 3184 sermo
559 3132 608 3196 sit,
658 3125 774 3178 etinflate
783 3139 858 3192 est,ut
866 3127 954 3179 omnia
962 3128 990 3180 in
998 3129 1105 3182 deterius
1111 3149 1170 3182 mu-

100 3237 164 3289 quos
185 3227 214 3266 nt
230 3212 339 3265 humiles
354 3223 514 3280 tenuesquae
530 3210 608 3268 lana.
657 3214 693 3254 1⁰1
704 3243 711 3260 ·
724 3215 748 3253 01
759 3203 900 3276 pwumtltl
915 3201 1096 3256 beneficiorum
1106 3225 1168 3278 grt-

99 3296 155 3348 lino
167 3291 255 3364 piliave
269 3289 373 3342 hircinis
391 3287 530 3359 caprinisve
545 3308 611 3340 eon·
660 3282 728 3334 litm-

99 3374 179 3426 lectos
198 3389 249 3422 esse
265 3379 362 3422 constat
378 3366 427 3430 (ci.
447 3365 476 3416 B.
490 3365 611 3418 Balduioi
693 3359 716 3411 3·
737 3357 908 3429 ostendisque
922 3371 946 3412 te
962 3379 1014 3412 non
1026 3381 1167 3431 agnouere.

99 3451 199 3504 calceus
213 3447 329 3518 antiquus
340 3464 393 3516 cap.
405 3445 466 3496 xlv
480 3443 519 3495 ed.
531 3443 612 3514 Lngd.
660 3437 705 3489 Est
715 3436 818 3508 vulgata
831 3435 914 3490 lectio.
928 3437 980 3489 Sed
996 3459 1084 3492 omues
1095 3443 1168 3494 codd.

101 3529 158 3580 Bet.
174 3542 215 3594 ¹7¹
224 3546 245 3586 ι,
258 3524 283 3586 8,
295 3541 353 3574 eura
365 3521 408 3573 Jo.
422 3519 494 3572 Frid·
506 3519 612 3572 Nielau·
660 3517 733 3570 Grut„
741 3516 849 3569 babent:
858 3516 963 3569 tidinon
973 3555 980 3579 ,
990 3531 1014 3570 et
1022 3520 1100 3573 codex
1108 3524 1168 3574 Nae.

101 3608 160 3673 tii);
174 3601 277 3658 difficile
289 3615 326 3655 est
335 3600 520 3664 demonstratu,
532 3597 612 3668 qualis
660 3598 708 3650 tibi
725 3616 776 3648 eon
786 3597 954 3666 adgnoscere,
972 3615 1028 3667 quse
1045 3599 1107 3668 quid
1120 3599 1168 3650 sibi

103 3684 234 3737 clavorum
247 3677 471 3751 qualiumcumque
486 3716 493 3742 ,
517 3673 612 3728 nedum
662 3674 950 3746 velint,nonesseulpo.
961 3673 1168 3740 Moxcerteleni,

103 3763 248 3835 ligneorum
260 3777 318 3812 usus
331 3757 359 3809 in
374 3755 406 3808 iia
421 3775 473 3808 esse
484 3754 613 3828 potuerit,
662 3771 740 3822 quum
760 3763 832 3802 antea
846 3769 897 3805 etse
916 3753 982 3816 levi,
1000 3773 1013 3804 e
1028 3752 1079 3804 auis
1095 3752 1169 3805 codd.

104 3857 179 3910 quem
188 3855 263 3888 nemo
270 3835 352 3888 adbuc
360 3833 477 3906 exposuit.
485 3833 553 3884 Nam
562 3849 614 3882 non
663 3829 769 3882 restituit
780 3829 853 3882 Grut.

103 3915 162 3968 satis
171 3927 207 3968 est
216 3951 222 3978 ,
232 3912 320 3965 dixisse
330 3910 423 3975 ,soccis
433 3929 484 3962 esse
496 3909 613 3971 suffixos,
697 3909 721 3972 4.
731 3906 808 3978 Quid
813 3918 910 3978 tnntop.
919 3918 943 3962 te
951 3911 1085 3977 resupinet.
1093 3908 1171 3960 liabi-

104 4006 147 4044 ant
160 3993 192 4044 de
203 3985 460 4062 qnoeumquesulliao
472 3985 538 4039 socci
551 3985 616 4036 Gali·
664 3995 704 4037 tus
715 3986 878 4058 superborum
891 3985 1046 4058 designatur,
1057 4000 1128 4058 caput
1139 3999 1172 4038 at·

104 4070 171 4142 gulae
184 4066 363 4139 intelligendos
377 4085 429 4118 esse
441 4065 538 4138 epigros
547 4063 614 4116 istos·
663 4063 779 4130 tollendi,
790 4078 922 4137 pectusque
931 4065 1090 4135 projiciendi,
1104 4066 1172 4134 quod

106 4149 200 4198 Nonne
208 4143 330 4198 ridiculus
338 4141 615 4212 loret,qnitalibussee·
664 4153 709 4204 est,
720 4160 771 4193 sese
784 4140 918 4214 supinandi
929 4144 965 4193 ml
976 4143 1104 4205 ὑπτιᾶζιιν.
1115 4142 1174 4210 Lip-

106 4223 187 4288 tulis,
206 4239 315 4293 quorum
333 4239 407 4281 usna,
427 4233 455 4270 nt
474 4219 613 4271 calceorum
662 4221 727 4269 sius.

204 4319 250 4385 ιι.
989 4315 1032 4399 24
