2912 4940
311 433 371 498 138
476 429 543 498 ΔΙ)
568 433 819 501 MARCIAM
843 433 1200 504 CONSOLATIO.

304 561 415 654 poris,
430 585 502 652 quo
512 577 612 630 natus
627 579 696 648 est,
714 565 843 632 crimen
860 579 930 651 est3
947 589 1036 634 mors
1048 566 1141 632 enim
1154 563 1204 632 illi
1218 565 1373 632 nascenti

276 683 281 694 '
305 677 521 746 denuntiata¹
537 696 600 748 est.
620 681 661 748 In
677 680 767 750 bane
780 681 890 775 legem
904 679 1015 768 datus,
1026 682 1092 750 hoc
1105 680 1266 750 iatum‘ab
1276 695 1374 748 utero

306 794 419 863 statim
440 795 721 888 prosequebatur.
746 797 787 863 ln
810 819 953 891 regnum
980 796 1146 878 fortunas,
1175 812 1209 863 et
1233 792 1373 887 quidem

259 963 263 980 .
306 901 431 980 durum
447 927 551 1005 atque
573 914 737 982 invictum
754 915 990 1008 pervenimus,
1006 905 1098 983 illius
1113 914 1256 983 arbitrio
1270 911 1376 1005 digna

305 1043 408 1119 atque
428 1027 569 1122 indigns
582 1030 747 1122 ¹passuri3
771 1030 971 1129 corporibus
997 1031 1121 1098 nostris
1143 1031 1373 1122 impotenter,

307 1143 559 1226 contumelioso,
575 1142 761 1213 cmdeliter
770 1143 931 1214 abutetur
946 1169 954 1210 :
970 1144 1055 1213 alios
1067 1144 1205 1239 ignibus
1217 1159 1373 1240 peruret,

307 1259 361 1327 vel
372 1261 408 1327 in
422 1283 556 1353 poenam
568 1257 732 1345 admotis,
746 1261 801 1329 vel
814 1263 848 1328 in
862 1261 1051 1330 reme'dium
1061 1266 1090 1348 ’ς
1104 1253 1208 1330 alios³
1224 1261 1374 1330 vinciet:

307 1373 344 1442 id
358 1397 450 1442 nunc
465 1373 554 1444 busti
570 1374 699 1459 licebit,
716 1398 808 1442 nunc
829 1375 895 1443 civi
912 1404 921 1461 3
944 1375 1028 1443 alios
1044 1399 1107 1468 per
1120 1376 1250 1442 ineerta
1262 1373 1377 1444 nudos

192 1497 194 1503 ’
307 1492 413 1558 maria
425 1489 589 1582 jactabit,
607 1508 641 1558 et
659 1490 801 1559 luctatos
820 1515 897 1558 oum
911 1491 1091 1576 fluctibns,
1113 1515 1158 1560 ne
1177 1492 1213 1559 in
1234 1515 1376 1559 arenam

306 1612 515 1704 quidemsut
526 1611 621 1680 littus
639 1611 797 1706 explodet
807 1663 818 1695 ,
840 1611 901 1680 sed
919 1613 955 1680 in
972 1612 1115 1706 alicujus
1133 1629 1287 1682 ventrem
1307 1614 1375 1681 im-

306 1755 429 1798 mensae
440 1729 562 1798 belluae
575 1724 780 1815 decondet⁴3
796 1729 881 1798 alios
900 1730 1093 1799 morborum
1112 1731 1214 1798 variis
1231 1731 1378 1824 generi-

307 1847 371 1916 bus
388 1862 612 1929 emaceratos,
635 1846 694 1915 diu
713 1847 914 1914 interritam
934 1861 1145 1939 mortemque
1165 1843 1293 1916 medios
1311 1845 1375 1914 de-

267 1980 282 2028 5
307 1955 462 2034 tinebit⁵.
483 1966 528 2033 Ut
545 1955 653 2033 varia⁶
665 1979 699 2032 et
713 1963 895 2032 libidinosa
908 1965 1222 2057 mancipiorumque
1235 1988 1377 2033 suorum

307 2081 486 2177 negligens
503 2078 664 2161 domina,
686 2096 720 2148 et
733 2081 892 2174 poenitet
912 2079 1108 2148 muneribus
1120 2080 1262 2148 errabit.
1279 2079 1378 2171 Quid

307 2219 393 2289 opus
410 2211 461 2263 est
481 2211 594 2289 partes
611 2193 767 2264 deflere?
786 2210 853 2262 tota
873 2193 941 2264 rita
958 2193 1083 2262 flebilis
1107 2208 1171 2262 est.
1195 2191 1380 2286 Urgebunt

307 2333 393 2380 nora
410 2307 643 2392 incommoda,
664 2310 861 2403 priusquam
873 2307 1045 2375 veteribus
1060 2307 1276 2374 satisfeceris.
1297 2311 1378 2374 Μο-

308 2424 521 2496 derandum⁷
541 2441 591 2494 est
608 2426 736 2517 itaque,
758 2420 856 2494 vobis
874 2425 1035 2504 maxime,
1057 2447 1132 2514 qum
1155 2421 1379 2496 immoderate

245 2645 250 2656 ·
310 2628 416 2688 Miseri,
429 2621 671 2693 msoitise'nsngam
679 2619 818 2672 vinem-Sic
867 2631 959 2692 putem,
973 2617 1089 2684 Triller.,
1104 2616 1178 2670 obn.
1191 2617 1253 2670 rritt
1271 2639 1293 2692 p.
1316 2619 1378 2683 456,

310 2705 430 2757 Erasmus
438 2701 525 2766 dedit,
538 2700 608 2773 quod
618 2696 819 2773 preferoJosu·
868 2709 922 2770 post
934 2696 1156 2749 inlelistentsmsn
1169 2696 1272 2748 tandem
1286 2695 1378 2748 melio·

306 2779 797 2853 gomoivmrqussilogsbsmmrernm
810 2816 817 2842 ,
868 2793 906 2827 res
915 2774 993 2828 libros
1001 2773 1178 2845 empsetsndos
1189 2774 1282 2826 ststuit.

309 2881 371 2931 quas
378 2858 546 2932 possideatis,
566 2854 706 2908 immineat.
723 2851 820 2906 Similis
902 2853 1008 2906 &Alios
1017 2855 1128 2905 vinciet.-
1139 2855 1170 2904 id
1174 2871 1241 2905 nunc
1252 2853 1277 2903 ir.
1288 2855 1306 2904 1.
1319 2875 1346 2904 n.
1357 2875 1381 2906 c.

309 2937 464 2992 locutioboee
474 2947 579 2988 estnots
591 2949 598 2984 t
609 2936 637 2984 in
648 2935 717 2984 diem
726 2934 820 2996 oium,
870 2931 946 2983 llecte
962 2930 1077 2982 Gronov.
1093 2929 1199 2983 restitnit
1210 2951 1224 2981 e
1235 2929 1314 2982 codd.
1331 2953 1383 3004 op-

310 3015 388 3068 Ovid.
399 3016 508 3076 ileum,
523 3011 566 3074 ll,
580 3009 625 3074 48,
638 3008 654 3060 i·
672 3007 739 3061 bunc
751 3007 819 3060 diem
870 3010 938 3062 timae
951 3021 1017 3063 notu
1033 3027 1039 3060 ε
1054 3009 1121 3061 tleest
1132 3008 1185 3061 bne
1204 3009 1325 3083 periodus
1339 3031 1382 3082 sp.

310 3113 415 3158 curare,
427 3094 511 3144 loturo
520 3088 644 3162 neglecto.
654 3087 751 3160 Lipsius
758 3105 821 3140 eon·
871 3089 968 3140 Erasm-
980 3088 1096 3155 Qustuor
1107 3085 1259 3160 gravissimis
1269 3089 1384 3142 fortuna

310 3165 821 3242 cinnitotemquereasreponitzllapino
872 3164 1045 3218 vexationibus
1067 3183 1174 3238 eorpus,
1194 3164 1245 3226 sit,
1263 3179 1383 3218 nosmnm

310 3255 401 3305 omnia
412 3271 496 3305 rerum
503 3251 558 3312 est(
568 3251 673 3309 miseri,
683 3245 817 3300 msuusrt
870 3256 967 3318 putere,
976 3240 1079 3314 ignibus
1086 3277 1093 3304 ,
1101 3239 1210 3294 vinculis
1219 3279 1227 3307 ,
1236 3243 1383 3316 nsnlrsgio,

310 3331 435 3405 etseras,
459 3335 549 3384 virere.
867 3322 970 3376 morbis.

347 3428 368 3461 ι.
380 3409 553 3462 Denuntiala.
564 3404 698 3459 Gronorio
720 3421 820 3454 suasore
902 3401 925 3465 l.
939 3399 1077 3452 Dsoondet.
1089 3398 1134 3451 δίο
1152 3397 1216 3470 lips.
1234 3412 1259 3450 st
1275 3399 1358 3471 qm.
1371 3423 1385 3452 e

313 3491 491 3543 etauctoribus
507 3487 639 3542 nonnullis
658 3485 736 3539 MSS·
750 3503 816 3536 rece·
870 3477 945 3529 codd.
955 3479 1036 3529 Antea
1047 3493 1055 3527 ε
1066 3477 1189 3528 detrudet.

312 3570 356 3644 pi:
372 3569 388 3621 i:
397 3569 511 3621 condicta
522 3603 530 3630 ,
542 3565 691 3625 comtitots,
704 3577 763 3614 cum
776 3581 819 3613 no·
902 3555 1152 3609 &Dtutnervitmn
1163 3555 1233 3606 M.
1242 3555 1361 3607 Gronov.
1371 3577 1386 3607 e

313 3648 384 3700 tione
394 3642 821 3698 minarumdtntendesemtmruz
870 3635 942 3690 codd.
961 3635 1070 3687 medios.
1084 3634 1160 3686 Deest
1174 3633 1319 3704 sp-Erssm.
1337 3647 1388 3685 ete.

315 3743 401 3797 parum
410 3735 466 3796 spts
474 3741 546 3785 roes,
554 3719 646 3792 quippe
657 3734 715 3787 qun
724 3712 823 3767 delini·
902 3716 926 3768 6.
939 3713 1100 3783 VvimQuoe
1111 3713 1256 3766 varievsrio
1270 3725 1388 3784 ternpore

314 3793 822 3870 busordinsndispotissimuminususst.
870 3791 997 3857 allicitur,
1016 3790 1085 3844 sarie
1104 3791 1199 3855 sentit,
1221 3791 1290 3842 varie
1308 3789 1389 3862 jubet.

348 3905 371 3935 s.
385 3882 436 3934 Ver
445 3883 474 3932 in
489 3878 640 3930 manaim
661 3872 735 3925 Boos
747 3869 823 3924 laeuo
873 3872 1000 3947 Explicuit
1010 3871 1075 3924 bone
1090 3873 1138 3923 boe
1152 3889 1226 3922 versu
1239 3869 1391 3943 Virgilius:

315 3962 421 4016 cedde
442 3958 534 4030 quibos
546 3952 666 4008 nonnulli
683 3949 823 4022 silicium:
872 3975 887 4000 «ι
901 3954 1018 4005 Vaes'mn
1030 3960 1056 4005 et
1071 3950 1195 4003 moabite
1210 3965 1314 4016 suaper
1332 3947 1390 4001 Fe-

315 4041 432 4093 odmotis
442 4037 486 4090 ool
495 4041 593 4089 murro
599 4033 685 4084 nudos
693 4069 701 4094 ,
710 4049 730 4080 s.
740 4030 825 4081 sslr'o·
874 4034 956 4083 mim.
971 4028 1082 4082 »Gallie
1089 4030 1252 4096 coprieieusr.

315 4110 825 4187 certis,orbitam-qoesxsoqoentibus
907 4107 1141 4174 pneumatum
1143 4143 1216 4160 .........
1227 4107 1309 4174 sertis
1330 4107 1393 4178 Lip-

317 4219 360 4274 per
374 4197 516 4252 socordiam
534 4194 632 4248 librtrr.
648 4192 697 4244 buo
714 4187 826 4244 traducta
875 4189 926 4242 sios
939 4209 953 4240 o
966 4187 1041 4240 redd.
1051 4185 1129 4243 dedit.
