2966 4948
495 467 668 536 eleon
699 467 787 538 ru.
1118 493 1183 562 ²79

171 604 175 610 ·
232 589 410 676 longinqua
423 593 523 676 regis,
539 597 618 656 unde
635 595 675 656 sb
689 591 841 678 Hesperio
859 597 937 658 mori

231 697 388 762 Inachiam
400 698 440 762 ad
451 697 560 763 urbem
573 699 677 762 nobile
691 701 797 764 advexi
812 721 925 788 pecus,

229 799 303 862 Vidi
317 801 434 863 (luobus
447 799 609 863 imminens
624 799 722 862 fluviis
737 803 862 886 jugum,

233 897 325 981 Quod
336 898 468 963 Phoebus
481 914 686 985 ortusemper
698 903 828 965 obverso
842 903 945 972 videt:
1146 927 1182 966 10

234 999 296 1061 Ubi
311 998 476 1064 Rhodanus
490 1001 595 1084 ingens
609 1023 699 1066 amne
713 1005 881 1087 praerapido
896 1001 961 1065 linit
973 1050 981 1079 ,

234 1101 373 1183 Ararque
387 1101 545 1177 dubitans,
560 1123 621 1184 quo
637 1123 707 1166 suos
722 1125 826 1166 cursus
839 1117 927 1187 agat,

236 1201 360 1264 Tacims
375 1202 482 1283 quietis
496 1201 581 1263 alluit
592 1203 674 1287 ripas
690 1204 772 1266 radis
786 1217 806 1264 ¹.

234 1297 330 1364 Esme
344 1301 399 1366 ills
412 1301 501 1364 tellus
516 1301 660 1386 spiritns¹
674 1303 762 1368 altrix
775 1303 840 1367 tui?

106 1461 194 1526 Haeo
220 1459 300 1526 satis
321 1459 470 1528 animose
493 1473 528 1526 et
554 1459 698 1527 fortiter.
723 1461 953 1529 Nihilominus
973 1455 1099 1528 mentis
1113 1483 1180 1527 suae
1207 1473 1223 1525 3

106 1599 182 1643 non
201 1589 253 1644 est
265 1569 293 1658 ⁸,
309 1591 344 1644 et
359 1571 736 1680 timotpmpclirrlerrirl.
755 1576 917 1646 Claudius
927 1593 965 1645 ut
973 1575 1059 1644 vidit
1070 1555 1208 1644 virum*

107 1693 306 1777 valentem,
325 1692 450 1762 oblitus
467 1718 636 1790 nugarum
649 1685 684 1780 ⁵,
702 1693 869 1763 intellexit
883 1697 1053 1763 neminem
1065 1720 1183 1788 parem
1201 1758 1204 1766 .

108 1809 179 1877 sibi
193 1811 308 1878 Romae
325 1809 427 1904 fuisse
443 1837 450 1876 :
469 1810 541 1879 illic
557 1835 626 1878 non
643 1811 772 1879 habere
786 1835 822 1880 se
838 1811 927 1879 idem
945 1813 1062 1905 gratim
1088 1838 1094 1876 ι
1112 1811 1184 1902 gal·
1299 1861 1304 1882 t

108 1923 184 1993 lum
202 1925 239 1992 in
257 1950 318 1993 suo
336 1925 551 2020 sterquilinio
569 1925 753 2019 plurimum
772 1952 869 2019 posse
885 1920 911 1995 ⁶.
942 1929 1061 2020 ltaque
1076 1950 1184 2018 quan-

111 2057 187 2108 tum
206 2041 353 2135 intelligi
372 2042 503 2135 potuit,
525 2041 600 2110 hteo
612 2025 704 2111 visus
722 2059 773 2112 est
788 2041 903 2136 dicere
922 2071 931 2110 ε
949 2047 1021 2138 Ego
1040 2059 1094 2123 te,
1117 2041 1186 2108 for·

112 2157 243 2226 tissime
264 2155 404 2228 deorum
427 2156 612 2242 Hercules,
633 2161 768 2251 speravi
791 2159 873 2226 mihi
893 2159 1077 2228 affuturum
1094 2157 1186 2251 apud

110 2273 223 2342 aliosl
243 2325 253 2358 ,
275 2290 309 2343 et
325 2276 446 2367 siquis
463 2299 484 2342 o
498 2299 552 2343 me
567 2289 720 2344 notorem
735 2266 748 2309 ⁸
768 2278 928 2372 petisset,
953 2289 987 2343 te
1001 2277 1051 2342 fui
1074 2275 1184 2342 uomi-

110 2405 277 2474 naturus,
294 2392 354 2484 qui
373 2415 427 2460 me
446 2393 572 2487 optime
588 2394 688 2460 nosti.
711 2390 796 2460 Nam
811 2393 838 2460 si
858 2394 1021 2461 memoria
1033 2392 1182 2486 repetis,
1211 2429 1227 2494 4

112 2529 180 2597 ego
192 2520 307 2589 erem‚'
316 2507 376 2597 qui
390 2505 453 2574 tibi
467 2521 546 2574 ante
561 2506 722 2599 templum
738 2511 854 2575 tuum⁹
866 2508 924 2599 jus
939 2506 1093 2574 dicebam
1107 2506 1186 2572 totis

113 2619 238 2690 diebus
252 2645 368 2691 mense
386 2621 476 2690 Julio
493 2637 528 2690 et
541 2619 694 2716 Augusto
706 2623 749 2688 ¹⁰.
765 2623 821 2689 Tu
836 2623 919 2706 scis,
936 2635 1100 2718 quantum
1115 2619 1186 2687 illio

149 2867 171 2900 ι.
180 2849 306 2918 Ararque
314 2847 464 2900 dubitans...
470 2847 629 2916 uadesl'or-
677 2847 748 2902 elium
758 2889 764 2917 ,
774 2850 818 2920 qni
826 2848 915 2902 Gallus
924 2865 1058 2924 germanus
1067 2856 1128 2912 eret,
1138 2865 1183 2898 re-

112 2925 261 2980 seimitssus
271 2925 454 2980 ntuentium
462 2923 626 2992 Csnn.1,³r,
676 2927 763 2980 fertur.
1004 2921 1006 2928 ’

114 3023 179 3076 7sq.
198 3021 207 3056 ι
223 3025 237 3051 c
245 3005 306 3056 Non
316 3001 391 3070 rurs,
404 3023 461 3075 qute
473 3003 539 3056 Liris
550 3003 628 3074 qnie—
709 3023 733 3068 7.
743 3007 828 3058 Alios.
839 3005 880 3058 Sc.
893 3005 960 3058 deos.
970 3005 1081 3072 Moneo,
1090 3006 1186 3080 nequis

112 3095 139 3136 ta
155 3081 259 3135 Mordet
272 3101 337 3153 squs
354 3082 492 3134 taciturnus
512 3080 627 3134 omnis.»
677 3083 873 3136 deosemendet.

113 3161 260 3213 -Vadts
271 3157 381 3232 Vulgata
392 3173 416 3212 et
426 3159 493 3212 bons
504 3171 547 3212 est.
560 3161 593 3211 At
602 3183 626 3212 α.
711 3162 734 3214 ll.
753 3161 885 3214 Nolcrem.
911 3159 1041 3214 Ciceronis
1064 3161 1187 3235 cognito-

114 3241 144 3292 in
155 3258 239 3330 mar&
252 3237 328 3292 hebet
342 3237 437 3304 undis,
451 3238 519 3291 unde
532 3256 554 3291 s.
567 3250 591 3290 ct
601 3238 626 3290 lt.
676 3257 745 3307 rem,
761 3249 891 3308 yrecsttpu,
912 3239 956 3310 qui
975 3252 1094 3310 tauquam
1114 3253 1188 3293 notus

114 3319 196 3372 medis
215 3337 244 3369 m
263 3329 330 3369 textu
348 3315 444 3369 hslssnt
462 3327 487 3367 et
505 3316 545 3368 etl,
562 3335 626 3370 rom.
677 3315 792 3369 adhiberi
805 3317 882 3382 solet,
894 3317 1037 3369 utslterum
1048 3315 1104 3370 eliis
1115 3315 1188 3389 igno-

115 3417 176 3450 tum
189 3396 270 3448 Beato
281 3395 331 3450 Rh.
678 3405 731 3446 lum
744 3395 850 3446 noscilct
861 3407 885 3446 ct
896 3407 1022 3468 agonem.
1043 3395 1083 3448 Cf.
1097 3395 1186 3448 Senes.
1297 3397 1298 3409 ¹

150 3473 308 3543 &Smilla
318 3473 338 3526 l.
350 3473 448 3528 evile·
679 3473 758 3546 Epist.
769 3473 810 3544 39,
822 3494 857 3544 ¹2

150 3551 549 3626 3.Hentissuoenonesl.snppl.
559 3569 627 3604 com-
710 3571 735 3622 9.
751 3549 812 3604 Ttbt
824 3561 885 3605 onte
901 3553 1029 3620 templum
1050 3563 1124 3606 tutan
1141 3573 1188 3628 pro

113 3646 175 3699 pos.
678 3628 1188 3704 glossemlrabuitgschellemstpessime.

152 3710 178 3775 4.
187 3709 389 3762 Nihilominus...
397 3713 493 3779 μωροῦ
507 3707 629 3772 πληγήν.
714 3725 751 3760 ro.
761 3707 834 3760 Nam
846 3711 1035 3779 si....Auguslo.
1046 3709 1106 3778 Quo
1117 3722 1189 3761 tem·-

117 3787 197 3841 stulti
212 3786 289 3839 ictum
309 3785 422 3856 irsmque
443 3785 517 3839 lscile
535 3806 629 3840 excan-
679 3803 739 3858 porc
750 3786 807 3840 lites
819 3785 976 3859 quiescerent
986 3789 1034 3855 (cl.
1044 3783 1111 3841 Plio.
1123 3785 1188 3864 Bpp.

117 3863 264 3916 daemon
276 3863 376 3916 Clsutlii
388 3862 479 3916 timuit.
486 3863 544 3916 loci
557 3881 631 3917 eausa
679 3865 752 3928 vlu,
766 3883 794 3916 αι
806 3884 813 3929 ;
823 3865 884 3918 Stat.
895 3865 958 3920 silv.
967 3869 1017 3933 JV,
1026 3869 1050 3935 4,
1062 3869 1115 3936 4ο.)
1125 3867 1189 3919 llcm

117 3939 542 4015 llereulisfortitndodeprimitus:
554 3941 632 3994 stills
680 3939 832 3995 confirmant
842 3943 946 3997 Sueten.
963 3943 1054 3998 Claud.
1068 3967 1089 3999 c.
1106 3947 1135 4011 14
1145 3957 1190 4012 ,st

116 4019 248 4090 proverbii
259 4019 364 4072 mentio.
375 4019 434 4071 vid.
444 4019 503 4072 inis.
681 4018 733 4072 Dio
740 4020 809 4073 Cass.
816 4022 873 4085 XL,
883 4023 907 4090 4.
918 4021 988 4076 Fecit
997 4023 1080 4095 itaque
1091 4023 1139 4077 hoc
1148 4023 1190 4076 stl-

153 4100 177 4150 5.
189 4099 338 4168 Nugamm.
354 4098 392 4150 Es
408 4119 465 4170 quse
482 4098 558 4174 paulo
571 4109 629 4152 snle
682 4117 713 4152 eo
722 4099 842 4153 feriarum
855 4113 974 4174 tempore.
985 4103 1190 4174 intempestivam

114 4179 224 4246 alogias
236 4176 507 4249 llerculcsvocsvcrat.
603 4193 605 4196 ·
681 4179 788 4252 proinde
809 4179 872 4234 latui
890 4179 957 4232 illius
974 4179 1065 4254 judicis
1082 4179 1191 4254 diligen·

151 4253 178 4306 li.
190 4253 300 4306 Gallum
311 4254 630 4323 ...marsumaticum
683 4254 743 4306 tiam
763 4255 858 4310 irridet.
877 4254 997 4330 Exemplo
1014 4257 1190 4324 miseriorum,
