2954 4926
447 429 543 496 ura.
571 428 626 515 V,
653 429 760 509 car.
789 429 879 494 xx.
923 423 926 428 ·
1131 429 1197 524 567

123 559 248 646 dantis.
266 559 475 628 Beneficium
491 561 522 626 ei
537 557 652 640 dedit,
670 559 725 626 cui
740 557 856 625 datum
874 555 993 626 voluit.
1008 557 1103 626 Sicut
1115 562 1144 626 si
1161 561 1198 626 in
1280 557 1281 560 ’

123 678 231 769 patris
252 676 415 743 honorem
431 673 530 756 fecit,
550 689 648 767 pater
665 673 796 766 accepit
808 669 1012 741 beneficium
1032 674 1116 762 :sed
1135 699 1199 767 pa-

124 811 178 861 ter
190 792 359 860 beneficio
370 793 406 859 in
419 792 526 859 filium
538 791 659 859 collato
668 815 739 858 non
753 789 937 882 obligatur,
954 791 1098 858 etiamsi
1113 791 1199 859 frui-
1310 799 1317 818 ⁸

124 924 193 977 tur.
212 907 372 977 stramen
385 908 595 977 occasionem
606 908 789 990 habuerit,
806 906 895 973 volet
905 921 939 973 et
952 907 1025 998 ipse
1038 923 1200 998 praestare

124 1024 257 1116 aliquid
274 1053 284 1109 3
304 1049 373 1093 non
384 1041 548 1116 tanquam¹
563 1022 714 1092 solvendi
729 1023 963 1090 necessitatem
977 1019 1121 1106 habeat,
1140 1020 1200 1090 sed

125 1158 288 1234 tanquam
307 1141 512 1234 incipiendi¹
535 1165 682 1209 causam.
702 1140 823 1232 Repeti
843 1161 862 1204 a
879 1153 977 1231 petre
993 1137 1199 1208 beneficium
1226 1159 1243 1210 9

127 1282 198 1325 uon
222 1257 349 1344 debet,
373 1259 402 1325 si
421 1257 503 1350 quid
522 1281 586 1350 pro
605 1255 669 1324 hoc
685 1257 835 1348 benigne
857 1255 956 1339 lacit,
975 1256 1108 1348 justus,
1131 1280 1201 1325 non

126 1391 246 1468 gratus
264 1390 325 1442 est.
342 1377 427 1442 Nam
443 1371 529 1441 illud
545 1373 639 1440 finiri
655 1396 722 1440 non
739 1387 849 1465 potest
868 1398 876 1439 ι
894 1374 920 1439 si
935 1373 1024 1465 patri
1040 1371 1083 1439 do
1097 1359 1202 1440 bene-

126 1491 244 1558 ficium
254 1539 265 1574 ,
289 1503 323 1556 et
336 1490 458 1569 matri,
475 1503 510 1555 et
522 1511 607 1563 avo,
630 1503 664 1555 et
680 1483 867 1568 avunculo,
891 1504 926 1554 et
940 1487 1080 1568 liberis,
1101 1502 1135 1555 et
1148 1489 1201 1556 al·
1301 1529 1305 1540 «

126 1606 278 1688 finibus,
301 1621 335 1672 et
348 1606 485 1686 amicis,
504 1620 538 1672 et
553 1604 683 1687 servis,
705 1619 740 1670 et
752 1602 881 1695 patriee.
896 1601 963 1671 Ubi
977 1627 1059 1696 ergo
1073 1603 1203 1672 benefi-
1258 1657 1267 1675 .

125 1725 217 1790 cium
229 1722 351 1815 incipit
362 1717 735 1790 starelsorites²enim
748 1716 807 1786 ille
817 1711 1079 1812 inexplicabilis³
1091 1720 1200 1790 subit:
1275 1723 1277 1736 ⁴

125 1840 182 1906 cui
195 1821 337 1904 difficile
352 1837 402 1904 est
413 1835 549 1904 modum
563 1837 758 1928 imponere,
772 1836 852 1926 quia
862 1836 1024 1927 paulatim
1038 1837 1200 1929 surrepit,

125 1970 241 2022 etnon
253 1951 379 2020 desinit
394 1974 543 2046 serpere.
561 1951 652 2020 Illud
668 1952 752 2020 solet
765 1954 872 2044 quaeri
888 1979 895 2017 :
912 1955 1050 2020 Fratres
1060 1952 1205 2021 duodis-
1232 1986 1263 2020 tc

127 2068 264 2156 sident3
282 2070 310 2137 si
324 2068 469 2137 alterum
487 2093 603 2153 servo,
620 2093 664 2136 an
679 2067 756 2136 dem
770 2066 976 2136 beneficium
991 2071 1044 2150 ei,
1062 2069 1124 2160 qui
1134 2067 1203 2135 fra-

127 2199 215 2251 trem
234 2186 380 2253 invisum
399 2210 469 2254 non
495 2186 638 2278 periisse
658 2186 798 2254 moleste
818 2185 949 2254 laturus
967 2186 1041 2252 est?
1059 2187 1134 2252 Non
1153 2198 1205 2251 est

127 2300 292 2384 dubium,
310 2285 394 2393 quin
407 2293 611 2372 beneficium
628 2304 671 2369 sit
686 2303 785 2369 etiam
799 2303 907 2369 invito
918 2301 1101 2395 prodesse,
1117 2303 1204 2370 sicut

128 2443 200 2486 non
216 2416 312 2485 dedit
329 2418 554 2500 beneficium,
573 2420 633 2509 qui
652 2419 778 2485 invitus
792 2416 931 2509 profuit.

178 2537 264 2604 XX.
289 2536 544 2618 «Beneficium,
563 2535 696 2628 inquit,
713 2557 830 2615 vocas,
848 2556 916 2624 quo
931 2530 989 2598 ille
1004 2532 1201 2614 offenditur,

129 2673 199 2740 quo
215 2666 395 2742 torquetur
407 2653 421 2718 Ρ
431 2679 449 2714 n
460 2652 568 2720 Multa
579 2650 746 2718 beu‘eficia
758 2651 887 2717 tristem
904 2649 1051 2716 frontem
1059 2665 1094 2716 et
1106 2673 1204 2742 uspe-

129 2791 203 2834 ram
220 2768 349 2837 habent
362 2819 371 2850 ,
384 2767 674 2861 ¹quemadmodum
687 2779 803 2836 secare
817 2782 851 2834 et
864 2790 966 2834 urere
979 2781 1018 2834 ut
1032 2789 1152 2852 sanes,
1169 2783 1205 2834 et

128 2883 277 2968 vinculis
293 2880 487 2956 coercere⁴.
510 2889 587 2954 Non
605 2901 655 2954 eet
673 2885 917 2977 spectandum,
938 2908 982 2952 an
999 2881 1112 2952 doleat
1127 2885 1204 2976 quis

129 2998 300 3068 beneficio
311 3017 450 3095 accepto
467 3052 476 3085 ,
495 3002 555 3070 sed
569 3026 613 3070 an
628 3002 778 3096 gaudere
793 3000 927 3069 debeat.
944 3003 1020 3068 Non
1034 3015 1084 3069 est
1097 3001 1206 3069 malus

130 3243 241 3295 breviter
253 3255 276 3295 et
287 3245 386 3296 concise
401 3243 609 3317 respondentium
617 3243 642 3295 lr.
694 3241 804 3294 Reduxit
815 3243 929 3295 Gronov.
938 3281 946 3307 ,
956 3242 1065 3295 Grutero
1073 3245 1204 3309 suadente,

132 3321 148 3374 l.
161 3321 246 3372 statim
258 3321 378 3373 imitatur.
695 3341 707 3372 e
720 3319 792 3372 codd.
802 3331 826 3371 et
834 3319 896 3371 olim
907 3319 972 3372 cusis
985 3321 1071 3393 :vulp
1086 3323 1205 3390 inexple-

168 3415 189 3448 ι.
200 3397 349 3466 Incipiendi
356 3398 484 3464 officium,
497 3398 643 3452 amicitiem.
693 3399 764 3450 bitis.

167 3476 643 3547 2.Sort'tes,eupelm;,conclusioquasi
723 3479 783 3530 'XX-
801 3482 870 3530 Anu.
902 3479 941 3529 lln
964 3479 1034 3530 triste
1054 3478 1207 3534 beneficium

132 3555 262 3609 acervalis.
278 3555 318 3614 Gi.
333 3555 386 3608 cic.
400 3555 477 3609 Acad.
489 3555 538 3621 IV,
552 3555 590 3624 16,
606 3575 644 3626 ²9·
695 3557 776 3608 invito
788 3555 864 3608 etiam
877 3556 932 3609 dari
945 3554 1042 3630 possit?

133 3631 271 3686 Conclusio
284 3632 333 3684 alia
346 3653 374 3686 ex
385 3633 434 3685 alia
447 3646 533 3686 manat
544 3645 567 3684 et
577 3653 645 3685 acer·
728 3634 752 3698 4.
770 3633 861 3686 Multa
872 3635 996 3704 benficia
998 3672 1064 3688 ........
1076 3652 1206 3688 coercere:

132 3733 179 3764 vus
198 3711 270 3782 quasi
288 3709 318 3765 fit
335 3713 547 3776 conclusionum,
565 3712 646 3764 donec
695 3723 830 3783 utrumque
848 3712 960 3765 medicus
983 3710 1088 3764 suadere
1106 3723 1207 3784 potest,

133 3811 164 3845 eo
176 3791 326 3864 pervenias,
339 3811 390 3861 quo
403 3792 473 3844 velis.
488 3789 601 3844 Celebris
612 3805 647 3843 est
696 3789 740 3860 qui
752 3790 871 3842 insanum
886 3804 911 3842 et
922 3790 1032 3843 vinculis
1044 3789 1208 3862 coerceriju-

134 3869 234 3923 erudita
246 3870 358 3922 tractatio
370 3869 496 3923 haedere
509 3871 575 3923 inter
582 3872 646 3924 Fae·
697 3869 754 3920 bere
766 3869 828 3921 solet
840 3907 846 3934 ,
862 3869 945 3921 donec
956 3882 1065 3920 sanetur.
1077 3869 1131 3920 Nos
1146 3869 1209 3938 qui·
1274 3865 1278 3874 “

133 3947 219 4001 uiolati
234 3948 364 4002 Aeroases.
376 3948 501 4002 Ceterum
515 3949 567 4002 vid,
580 3967 647 4020 supr.
698 3947 756 3998 dem
769 3945 1209 4019 mala,quoea1)conobisirnmissa

134 4045 189 4093 cap.
205 4025 252 4090 18¹,
270 4046 327 4100 pag.
347 4025 409 4092 564,
425 4039 478 4078 not.
495 4025 556 4078 aad
571 4046 625 4080 voe.
641 4046 646 4079 :
697 4025 837 4089 credimus,
851 4046 895 4100 pro
910 4023 1042 4079 beneficiis
1053 4022 1146 4076 habere
1156 4023 1218 4076 do-‘

135 4101 189 4155 Dic
201 4102 269 4154 mihi
280 4103 327 4155 aba·
335 4140 343 4166 ,
356 4115 402 4155 etc.
697 4121 799 4164 eemur,
814 4115 837 4155 et
855 4102 905 4156 illis
918 4103 951 4156 ita
964 4102 1017 4166 uti,
1031 4101 1096 4154 utin
1108 4101 1209 4156 haneli-

169 4179 192 4231 ³.
204 4179 300 4234 Soriles
309 4183 379 4233 enim
391 4182 436 4233 itte
445 4183 645 4250 inexplicabilis.
696 4181 734 4233 cia
746 4193 880 4235 mutentur.
