2954 4926
300 415 366 510 ⁵75
640 411 708 517 us:
732 407 1041 481 sunericus
1091 481 1094 492 ,

299 571 399 638 quem
421 545 553 612 fortuna
573 543 710 634 ingens,
729 545 897 612 exereitus
916 541 1152 636 disponentem
1166 545 1193 620 ¹,
1217 567 1289 610 non
1302 563 1374 638 pas·
1458 539 1459 554 ¹

298 661 448 730 tiebatur
464 657 607 752 singulis
620 657 785 726 militibus
798 683 981 727 occurrere
991 663 1002 692 ²
1013 659 1028 725 l
1040 659 1115 724 Non
1129 671 1180 724 est
1194 658 1260 726 hoc
1273 684 1372 752 repe-

299 795 371 845 tere
395 775 624 855 beneficium,
652 773 713 840 sed
741 798 914 842 resumere
942 773 1032 841 bono
1059 773 1132 840 loeo
1155 776 1320 866 positum,
1342 793 1374 844 et

298 908 452 985 paratum
471 918 478 958 :
495 890 539 958 ad
552 889 645 983 quod
659 907 771 958 tamen
786 907 825 959 ut
843 907 1007 971 sumatur,
1028 915 1148 958 manus
1162 891 1373 984 porrigenda

299 1025 361 1078 est.
385 1011 549 1102 Repetam
575 1008 713 1100 itaque,
733 1007 897 1100 quiahoc
919 1023 978 1075 aut
997 1009 1197 1075 necessitate
1224 1008 1374 1076 facturus

264 1159 280 1192 ι
301 1147 381 1205 ero,
401 1138 460 1192 aut
478 1121 571 1190 illius
589 1143 711 1202 causa,
737 1147 757 1188 a
778 1146 847 1214 quo
867 1137 1031 1214 repetam.
1052 1120 1216 1188 Tiberius
1239 1115 1374 1189 'Caesar
1458 1203 1459 1230 ,

300 1241 390 1307 inter
401 1229 521 1306 initia⁴
533 1235 659 1304 dicenti
675 1235 829 1318 cuidam,
843 1237 1050 1320 Meministi,
1063 1252 1245 1328 antequam
1260 1237 1376 1330 plures

299 1372 396 1423 notas
415 1352 653 1420 familiaritatis
677 1352 803 1420 veteris
826 1352 1024 1445 proferret:
1045 1355 1121 1419 Non
1138 1355 1298 1440 memini,
1321 1357 1374 1421 in·
1458 1409 1459 1436 ,

300 1472 393 1563 quit,
412 1469 496 1562 quid
512 1467 647 1536 luerim.
666 1467 718 1536 Ab
733 1467 802 1537 hoc‘
819 1468 940 1560 quidni
956 1493 1024 1535 non
1042 1484 1129 1536 esset
1148 1467 1373 1560 repetendum

300 1585 505 1653 beneficium
519 1585 533 1651 P
545 1583 693 1677 optanda
708 1602 781 1652 erat
798 1585 922 1653 oblivio
936 1578 962 1651 ⁵.
980 1584 1211 1652 Aversabatur
1223 1585 1373 1652 omnium

300 1706 485 1771 amioorum
499 1718 534 1769 et
549 1701 727 1793 equalium
745 1703 923 1782 notitiam,
940 1717 975 1768 et
992 1701 1083 1770 illam
1102 1701 1206 1769 solam
1221 1721 1374 1794 praesen-

302 1835 369 1887 tem
390 1821 557 1886 fortunam
572 1841 665 1886 suam
684 1813 814 1910 adspici
822 1867 833 1898 ,
853 1817 945 1884 illam
960 1817 1063 1884 solam
1079 1819 1221 1910 eogitari
1240 1842 1282 1884 ac
1296 1843 1377 1884 nar-

303 1935 373 2000 rari
396 1929 532 1999 volebat
557 1958 563 1994 :
592 1931 828 2023 inquisitorem
856 1929 1004 1998 habebat
1031 1946 1181 1998 veterem
1211 1932 1370 1999 amicum.

265 2066 281 2118 3
302 2048 413 2142 Magis
430 2047 627 2138 tempestive
644 2046 867 2138 repetendum
881 2063 932 2116 est
943 2047 1171 2128 beneficium,
1196 2072 1300 2138 quam
1314 2072 1375 2140 pe-

302 2164 454 2232 tendum.
465 2161 669 2231 Adhibenda
679 2161 859 2230 verborum
871 2162 1078 2245 moderatio,
1093 2179 1131 2231 ut
1140 2188 1205 2231 nec
1219 2165 1375 2256 ingratus

302 2281 407 2374 possit
419 2277 632 2347 dissimulare
642 2269 667 2343 ⁶.
683 2277 881 2346 Tacendum
895 2295 931 2346 et
941 2277 1223 2372 exspectandum,
1240 2283 1271 2351 si
1286 2281 1374 2348 inter
1458 2317 1459 2326 κ

300 2399 468 2492 sapientes
482 2397 672 2463 viveremus
689 2422 697 2460 ι
715 2410 875 2462 ettamen
894 2396 1104 2487 sapientibus
1121 2421 1261 2488 quoque
1281 2397 1372 2464 indi·
1458 2391 1459 2456 l

301 2538 379 2581 care
396 2513 517 2581 melius
533 2512 673 2590 luisset,
691 2509 776 2601 quid
791 2533 905 2580 rerum
920 2529 1111 2581 nostrarum
1130 2529 1236 2581 status
1250 2538 1370 2606 posce·
1458 2489 1459 2510 ¹

301 2647 366 2698 ret.
383 2630 493 2712 Deos,
510 2652 655 2720 quorum
674 2629 826 2695 notitiam
841 2629 934 2696 nulla
955 2653 1010 2718 res
1028 2630 1167 2723 effugit,
1189 2655 1366 2724 rogamus:
1458 2669 1459 2684 ,

263 2751 281 2818 4
302 2763 334 2814 et
353 2745 428 2814 illos
446 2762 521 2812 vota
539 2769 608 2812 non
625 2761 784 2826 exorant,
814 2745 874 2813 sed
893 2744 1088 2814 admonent.
1117 2747 1192 2815 Diis
1210 2769 1366 2837 quoque,
1417 2777 1420 2780 ·

300 3013 375 3066 quam
390 2983 504 3068 pelenda.
516 2992 549 3042 Et
559 2991 618 3065 ipsis
629 2991 696 3044 enim
706 2989 808 3043 diisinr·
857 2991 935 3044 destia
947 3004 972 3043 et
981 2991 1155 3044 adulationum
1164 2991 1297 3044 aversione
1309 2990 1367 3043 insi-

300 3072 410 3147 putaris
425 3070 593 3124 sacerdotibus
611 3089 687 3122 saera.
700 3071 735 3121 llt
750 3089 807 3120 ser·
855 3069 974 3139 gnisluit.
984 3069 1089 3122 Sueton.
1100 3066 1185 3122 Tibur.
1194 3090 1216 3121 e.
1230 3087 1260 3138 ²7
1274 3069 1366 3139 sq.Re-

301 3151 384 3204 venda
399 3149 521 3203 modestia
533 3160 569 3201 est
581 3185 588 3212 ,
602 3160 627 3199 et
636 3147 748 3199 monitus
759 3167 807 3199 co-
855 3147 1030 3220 leramlitaque
1040 3148 1120 3220 potius
1127 3148 1158 3200 ad
1168 3147 1291 3199 orationis
1298 3165 1367 3199 exor-

301 3229 375 3280 miter
386 3226 480 3294 dandi,
493 3245 525 3278 ne
537 3225 640 3295 superbe
646 3263 654 3287 ,
670 3223 805 3286 invidiose,
856 3224 936 3277 dium.

302 3305 435 3380 imperiose
453 3307 534 3356 lacere
556 3303 705 3366 videamur,
728 3321 807 3372 quum
890 3303 1366 3374 5.Adbocqur'dninonessetrepetm-
1458 3339 1459 3342 =

301 3385 430 3439 memorie
440 3382 522 3456 lapsui
533 3381 709 3434 succurrimus.
857 3383 921 3434 dum
932 3379 1228 3452 beneficium?optundo
1238 3383 1366 3436 emtobli·

340 3485 360 3517 ι.
371 3461 512 3516 Exercitus
525 3463 720 3529 disponentem,
736 3456 809 3508 ordi·
857 3462 904 3512 oio.
917 3458 1038 3510 Restituit
1047 3459 1196 3512 Gronovius
1204 3460 1364 3513 bancleetio·

301 3554 404 3595 nantem
416 3554 439 3596 et
449 3552 587 3612 regentem.
857 3557 916 3589 nem
928 3557 958 3589 ex
971 3535 1074 3610 optimis
1087 3539 1160 3592 codd.
1174 3540 1238 3590 Nae.
1249 3539 1365 3609 aliisque:

334 3640 357 3672 a.
369 3614 752 3690 oceumrenempememoria,
763 3635 808 3667 eu-
856 3637 935 3688 quum
946 3619 1127 3672 esset:Ablroc
1133 3623 1230 3672 nedum
1239 3631 1364 3686 esset,ete.

302 3699 341 3770 jus
355 3698 462 3751 maxime
479 3715 581 3769 compos
596 3695 657 3756 l'uit,
676 3709 704 3746 ut
719 3708 808 3746 uotum
857 3709 900 3750 eut
910 3698 954 3749 Ab
965 3696 1010 3750 boc
1020 3699 1066 3749 diu
1075 3719 1158 3768 prtum
1168 3721 1234 3760 non,
1246 3712 1293 3752 ete.

302 3787 347 3839 est,
354 3789 378 3828 et
385 3775 435 3846 jem
441 3771 588 3827 monuimus
597 3785 649 3824 not
661 3793 744 3846 7,pag.
752 3776 808 3842 57'4.
888 3775 912 3828 ἃ
927 3775 965 3828 Ut
973 3793 1016 3828 nee
1022 3773 1141 3845 ingratus
1148 3780 1236 3845 possi!
1244 3781 1362 3830 dissimu-

335 3853 358 3904 3.
374 3851 492 3904 Tiberius
504 3852 601 3904 Cesar·
612 3852 674 3903 ttae
685 3869 750 3902 unus
761 3851 809 3901 se·
856 3853 1140 3916 tare.1desr‚simutare
1149 3875 1174 3906 se
1183 3855 1363 3907 nonbeuetieio

301 3949 361 3981 neta
373 3929 465 3982 retulit
858 3929 980 3983 donatum
991 3933 1197 3985 esse.Hoesensu
1207 3932 1363 3986 lllartialdib.

335 4010 357 4072 4.
365 4007 631 4080 Interiuitia.l.ipsins
638 4008 711 4058 refert
720 4006 752 4060 sd
760 4008 809 4060 ini·
860 4008 896 4073 V,
906 4007 983 4080 epigr.
994 4024 1099 4062 xxxvtt:
1109 4034 1123 4058 κ
1130 4009 1363 4081 Laudatusquidam
1458 3989 1459 4082 ¹

198 4146 204 4153 .
302 4087 336 4139 tia
358 4086 510 4159 principatus
533 4084 609 4156 ejus:
630 4083 808 4156 nescioquam
860 4085 1363 4152 nostro,Faustiue,libello,Dissimulnt;

303 4165 449 4220 berellam
458 4165 529 4218 initio
538 4166 589 4237 ejus
597 4164 749 4238 principatus
755 4184 810 4216 mo·
859 4164 930 4235 qussi
944 4164 980 4217 nil
992 4165 1098 4232 debent,
1110 4167 1237 4240 imposuit
1250 4189 1264 4212 υ
