2978 4942
1131 441 1137 454 4

387 457 908 544 Lm.1v,cn1³.xx111.
1117 465 1183 562 49,-

111 607 261 682 :rusque
278 590 472 670 securior¹,⁴
499 613 598 680 quum
619 591 831 698 innocentia,
854 617 955 684 quam
975 611 1070 688 grata
1088 621 1184 666 mens

111 704 343 800 prosequitur.
364 705 499 772 Fuisset
518 705 610 772 enim
626 705 839 796 iniquissima
859 731 971 778 rerum
991 728 1112 781 natura
1122 765 1134 800 ,
1154 717 1182 783 'si
1208 744 1224 810 4

110 823 179 890 hoc
198 838 327 907 tuntum
344 820 470 888 Ιιοιιιιιιι
488 821 675 901 miserum,
698 837 733 888 et
754 845 907 916 anceps,
935 843 970 896 et
993 830 1109 898 sterile
1132 831 1184 900 fe-

110 936 226 1002 cisset.
241 932 309 1004 Sed
321 931 408 1000 illud
419 935 571 1015 intuere,
588 957 633 1002 an
642 933 687 1000 ad
700 935 796 1002 istam
806 937 988 1020 virtutem,
1004 939 1079 1033 quae
1093 968 1183 1038 saepe

112 1071 134 1116 e
151 1063 222 1118 tuto
235 1071 277 1116 ac
293 1045 404 1116 lacili²
417 1043 547 1129 aditur,
562 1048 663 1114 etium
679 1071 741 1140 per
754 1073 850 1135 saxa,
863 1067 898 1119 et
914 1077 1035 1145 rupes,
1049 1073 1084 1123 et
1102 1057 1183 1126 seris

111 1187 155 1232 ac
167 1163 385 1258 serpentibus
399 1163 571 1234 obsessum
587 1164 673 1244 iter,
695 1164 801 1234 fueris
813 1163 956 1234 iturus³.
981 1179 984 1186 “

162 1282 299 1351 xxm.
320 1284 396 1349 Nun
410 1279 488 1350 ideo
506 1304 619 1374 perse
635 1304 704 1349 nou
715 1297 767 1350 est
780 1285 1025 1377 expetendum,
1043 1290 1098 1355 cui
1118 1277 1182 1358 ilia
1262 1315 1278 1358 ι

113 1399 202 1491 quid
215 1415 310 1468 extra
325 1421 463 1491 quoque
478 1397 697 1466 emolumenti
716 1397 868 1468 adhaeret
885 1428 892 1468 ι
910 1402 982 1470 lerc
1000 1405 1090 1471 enim
1105 1407 1185 1500 pul-

112 1515 284 1583 cherrima
299 1538 464 1607 qumque,
480 1513 594 1582 multis
606 1529 641 1581 et
652 1511 848 1582 adventitiis
862 1517 1020 1587 comitutu
1033 1537 1113 1588 sunt
1125 1521 1186 1590 do

111 1632 205 1701 tibus
224 1660 232 1699 ι
251 1632 312 1701 sed
329 1631 405 1700 illas
428 1631 589 1711 trahunt,
611 1631 684 1723 ipsa
700 1633 910 1724 praecedunt.
931 1637 1020 1704 Num
1044 1636 1185 1706 dubium
1224 1683 1238 1704 .

110 1764 189 1832 est,
212 1751 296 1840 quin
314 1749 380 1816 hou
397 1748 538 1815 humani
556 1747 692 1839 generis
708 1746 917 1818 domicilium
931 1752 1093 1820 circuitus
1106 1753 1187 1822 solis

109 1890 154 1934 uc
166 1865 255 1935 lunoe
269 1866 403 1935 vicibus
412 1865 481 1932 suis
494 1859 680 1956 temperet‘
693 1865 803 1957 iquin
815 1867 1185 1940 alteriuscalorealun-
1212 1909 1226 1938 ι

110 2001 171 2053 tur
187 2007 351 2077 corpora,
372 1997 471 2050 terrae
487 1980 702 2064 relaxentur,
724 1982 896 2050 immodici
915 1983 1076 2052 humores
1094 2011 1187 2055 com-

109 2103 319 2196 primantur,
334 2099 632 2193 alligantisomnia
653 2089 799 2165 hiemis⁵
820 2099 956 2166 tristitia
980 2100 1182 2194 frangatur:

109 2219 252 2296 alterius
275 2211 392 2312 tepore
413 2215 544 2285 efficaci
569 2231 603 2283 et
620 2214 826 2308 penetrabili
851 2217 985 2310 rigetur
1011 2221 1186 2288 maturitas

111 2336 278 2430 frugum?
294 2336 378 2428 quin
397 2332 441 2404 ad
460 2333 562 2426 hujus
579 2356 715 2400 cursum
736 2331 925 2401 fecunditas
943 2334 1091 2403 humana
1111 2361 1184 2404 res-

149 2545 169 2580 ι.
179 2525 306 2580 Securior.
317 2525 416 2598 Spectet
425 2524 457 2577 ad
468 2523 547 2577 animi
557 2536 622 2576 tren·
671 2522 762 2576 caloris
775 2521 956 2594 humorisque,
973 2517 1050 2595 qnam
1065 2527 1116 2579 duo
1131 2527 1185 2581 hec

108 2604 272 2677 quillitntem.
671 2611 736 2651 astra
748 2600 902 2667 conciliant,
924 2615 948 2655 et
963 2603 999 2656 sic
1017 2619 1139 2676 generent
1157 2625 1186 2658 ac

145 2703 169 2736 s.
182 2681 251 2753 Ques
260 2681 543 2754 soepeelutoocsacili.
554 2681 622 2732 lues·
671 2679 831 2752 producunt,
851 2693 939 2753 preter
953 2683 1016 2736 elios
1035 2685 1066 2736 cl.
1078 2687 1184 2739 Aristot.

108 2762 151 2814 rui
169 2763 240 2825 ele,
264 2761 332 2831 quod
352 2770 425 2812 velus
442 2757 505 2812 liber
523 2758 621 2810 Emerui
671 2755 866 2828 thlegeneratt
875 2758 1184 2831 Animal.rap.ult‚l.ips.

107 2838 254 2912 suppeditet
263 2850 302 2890 :et
313 2837 349 2890 sic
359 2835 430 2907 loqui
438 2849 505 2888 umet
515 2835 620 2904 Seneca·
673 2836 769 2889 Eadem
780 2855 837 2908 que
849 2838 945 2891 Seneca
957 2838 988 2892 tle
1003 2840 1056 2894 sole
1073 2841 1185 2914 lunaque

144 2913 544 2985 3.Setlillud.....suerieitume.
557 2907 622 2964 Ani·
672 2915 771 2980 effert,
793 2914 883 2968 Cicero
906 2929 1027 2987 tunquam
1052 2919 1130 2972 stoica
1152 2920 1184 2972 tle

108 3013 154 3048 mo
164 2997 269 3048 Seueeoe
285 2993 415 3048 obversata
431 2991 507 3052 luisse
522 2987 622 3042 violetur
671 2989 860 3056 Nut.Deur.ll‚
872 2996 944 3064 rSsq.
953 2994 1185 3050 attulitmeceliter

109 3071 212 3144 egregia
222 3073 309 3140 imago
321 3070 428 3142 primum
439 3067 506 3142 apud
517 3067 621 3120 llesiod.
672 3081 757 3122 noster
767 3071 794 3122 iu
807 3071 865 3122 Nat.
879 3071 973 3138 Quart.
983 3074 1014 3124 tle
1024 3073 1054 3126 iis
1064 3074 1183 3145 loquitur.

109 3151 175 3224 Opp.
182 3162 206 3202 et
218 3151 251 3201 l).
263 3147 310 3206 265
321 3168 358 3220 sq.
372 3147 412 3199 ed.
422 3144 535 3200 Bruncl.
546 3155 587 3206 τῆς
597 3143 620 3196 δ’
671 3146 713 3200 Sic
722 3147 747 3199 ll
755 3147 965 3222 deNat.Deor.19
973 3149 1016 3203 fin.
1024 3173 1037 3198 ι
1045 3153 1182 3224 multaque,

110 3236 195 3298 ἀριςῒις
203 3230 289 3298 ἱδρῶτι
300 3230 353 3281 Stel
366 3227 526 3295 προπάροιθεν
537 3227 621 3282 lium
671 3223 706 3276 eit
716 3225 822 3285 Cicero,
835 3226 867 3278 ab
880 3247 909 3280 ea
918 3229 928 3292 (
935 3229 1024 3296 Luna)
1039 3245 1145 3283 manant
1161 3246 1185 3284 et

108 3301 245 3372 Ᾰθᾶιατοι,
258 3319 304 3359 etc.
315 3305 406 3370 obvie,
418 3317 463 3358 ete
474 3303 558 3356 multis
568 3315 622 3376 poet
670 3304 772 3369 llunut,
786 3303 876 3374 quibos
895 3317 918 3356 et
934 3303 1074 3360 enimentes
1085 3309 1185 3376 alantur

111 3405 237 3460 expressa.
671 3393 856 3454 augescantque
869 3395 894 3434 et
909 3383 1045 3453 pubescant
1057 3389 1184 3440 maturita-

147 3464 243 3517 xxllt.
253 3465 322 3515 Attu-
330 3461 401 3515 Sicut
412 3460 446 3522 id,
458 3458 527 3529 quoti
536 3457 622 3530 inpri-
672 3469 773 3527 temque
788 3471 960 3528 mequentur,
975 3479 1032 3530 quae
1042 3463 1159 3516 oriuntur
1171 3485 1184 3516 e

112 3544 163 3596 mis
174 3540 308 3614 pulchrum
320 3540 353 3593 sit
361 3579 369 3603 ,
384 3538 458 3591 etism
471 3535 547 3588 simul
563 3555 623 3608 pro·
672 3545 744 3588 terre.
755 3556 769 3580 s

111 3623 184 3676 tleste
201 3619 292 3692 possit,
311 3631 340 3671 nt
363 3630 445 3680 utm
470 3615 507 3668 sie
522 3615 624 3668 enimus
707 3615 983 3682 salttgonttsomnta
992 3617 1093 3670 ltlemr's.
1106 3618 1184 3685 Quotl
1252 3677 1257 3686 ⁶

110 3712 207 3772 grurus.
674 3692 735 3764 gelu
751 3693 839 3744 omnia
853 3694 1076 3764 constringentur,
1096 3696 1185 3747 Ιιιιίο·

147 3779 170 3844 4.
181 3777 254 3828 Num
264 3775 401 3828 dubium...
408 3773 550 3839 temperet?
560 3771 624 3839 Quis
673 3790 731 3822 rum
739 3771 807 3822 unde
819 3771 915 3844 captiva
925 3769 980 3838 fiat,
991 3773 1064 3824 tellus
1073 3793 1185 3826 concres-

110 3855 231 3912 dubitare
237 3864 318 3926 potest
324 3853 411 3904 lunam
422 3869 452 3902 ac
461 3847 550 3912 solem,
564 3848 625 3900 ulum
674 3861 730 3915 eet,
744 3861 790 3902 etc.
803 3849 892 3901 llornt.
911 3849 1024 3902 Cnrmin.
1036 3849 1080 3902 lib.
1094 3853 1120 3914 1,
1133 3853 1185 3904 Od.

112 3937 184 3990 hunc
203 3932 309 4004 globum
328 3930 504 3994 circumeunt,
520 3926 565 3998 qui
580 3924 627 3978 ltu·
677 3941 719 3991 rx,
730 3925 825 4000 stroph.
838 3945 847 3978 ι
861 3927 974 3981 uvion
983 3927 1186 3980 utaltastetnive

111 4030 193 4066 meno
204 4009 294 4082 generi
304 4006 463 4061 domicilium
478 4004 549 4057 (latus
560 4003 625 4068 fuit,
676 4002 813 4056 candidum
825 4002 928 4055 Soracte
930 4041 995 4057 ........
1008 4003 1116 4076 geluque
1128 4005 1187 4057 Flu-

112 4093 233 4164 vicesque
247 4106 304 4142 suas
319 4107 363 4162 per
379 4088 454 4140 inane
470 4083 626 4150 conficiunt,
676 4080 749 4132 tuine
767 4080 925 4134 constiterint
941 4094 1022 4132 acuto.
1032 4101 1046 4126 ιι
1063 4083 1184 4140 ,Lucrett

110 4169 254 4223 secundum
278 4165 378 4238 regulas
395 4163 517 4235 querelam
534 4173 627 4234 tempe·
678 4159 809 4234 «Nineri
819 4172 934 4212 concreta
944 4161 1062 4231 pruine.»
1073 4161 1188 4230 llincps'-

111 4246 166 4300 nri
184 4241 214 4298 ¹et
231 4263 257 4296 ee
280 4241 387 4316 gerere?
407 4243 445 4294 De
462 4235 495 4293 es'
507 4238 626 4310 temperie
675 4257 755 4307 [rom
767 4238 853 4307 frigus.
866 4238 974 4290 Martial-
984 4237 1028 4290 lib.
1040 4238 1085 4300 lv,
1101 4233 1187 4312 Episgr.

239 4342 284 4407 ll.
996 4333 1038 4399 32
1095 4393 1101 4400 .
