2884 4958
298 427 366 521 374
636 423 707 494 nn
728 424 1036 497 sunericus

298 561 357 652 qui
369 564 377 594 ¹
390 557 479 627 nihil
495 559 607 626 auimo
626 580 695 624 non
719 556 848 649 grande
867 558 1075 650 conciperet.
1096 559 1213 652 Quum
1231 561 1292 629 ille
1306 563 1358 628 cui

297 675 509 758 donabatur,
527 695 562 740 se
578 653 651 766 ipse
664 695 799 740 mensus
812 719 822 754 ,
839 673 924 738 tanti
937 675 1086 743 muneris
1104 675 1266 744 iuvidiam
1278 681 1292 710 ²
1307 701 1359 744 re·

297 789 450 884 fugisset,
462 788 579 858 dicens
591 811 658 855 non
668 788 850 856 convenire
863 786 1009 857 fortune
1024 815 1092 859 suae
1104 817 1111 857 :
1125 795 1222 860 «Nou
1232 816 1359 884 quaero,

297 905 422 998 inquit,
442 905 526 997 quid
544 919 576 972 te
595 904 751 996 accipere
762 901 892 986 deceat,
905 902 965 972 sed
978 905 1063 997 quid
1076 932 1130 976 me
1144 906 1266 976 dere.»
1283 909 1363 976 Ani-

297 1047 389 1091 mosa
407 1046 471 1091 vox
491 1020 627 1090 videtur
645 1035 680 1088 et
694 1020 808 1112 regia,
831 1044 936 1110 quum
954 1023 999 1088 sit
1017 1023 1213 1093 stultissima
1224 1019 1252 1092 ³.
1271 1025 1362 1092 Nihil

298 1141 388 1238 enim
400 1163 464 1232 per
477 1162 513 1206 se
527 1159 730 1230 quemquam
743 1131 862 1204 deoet⁴
876 1138 1002 1208 :refert
1012 1141 1109 1232 quid,
1126 1144 1195 1224 cui,
1213 1142 1360 1234 quaudo,

299 1277 405 1346 quare
417 1304 427 1337 ,
441 1253 520 1338 ubi,
543 1269 577 1320 et
593 1266 737 1332 coetera,
759 1251 833 1318 sine
850 1252 976 1342 quibus
995 1254 1073 1322 fecti
1091 1258 1180 1326 ratio
1195 1282 1267 1326 nou
1285 1283 1364 1326 ouu-

299 1372 412 1439 stabit.
436 1347 713 1440 Tumidissimum
727 1362 873 1435 animal!
891 1368 919 1435 si
936 1369 1030 1437 illum
1044 1373 1200 1466 accipere
1218 1375 1286 1441 hoc
1300 1399 1364 1440 nou

298 1486 418 1569 decet,
434 1508 497 1553 nec
515 1499 548 1552 te
564 1482 657 1550 dare.
675 1481 849 1550 Habentur
866 1507 1087 1574 personarum
1103 1511 1143 1556 ac
1161 1487 1365 1584 dignitatum

297 1595 496 1696 proporti0⁵
520 1627 528 1668 ι
549 1614 583 1667 et
599 1623 705 1690 quum
722 1600 767 1665 sit
784 1598 912 1691 ubique
930 1597 1089 1672 virtutis⁶
1111 1606 1251 1688 modus,
1272 1632 1366 1699 aeque

297 1732 417 1811 peccat
440 1714 533 1808 quod
548 1712 703 1796 excedit,
724 1737 825 1804 quam
844 1714 935 1805 quod
954 1715 1072 1787 deficit
1088 1725 1114 1786 ⁷.
1134 1723 1254 1790 Liceat
1280 1721 1366 1790 istud

297 1855 377 1901 sane
399 1832 484 1913 tibi,
506 1846 541 1898 et
554 1845 587 1898 te
601 1831 638 1896 in
651 1843 780 1895 tantum
800 1828 934 1898 fortuna
952 1833 1150 1916 sustulerit,
1169 1851 1210 1902 ut
1223 1840 1369 1929 congie-
1439 1859 1440 1926 ξ

298 2076 355 2128 bem
364 2074 500 2126 donaverat
511 2109 518 2136 ,
528 2070 638 2126 nimium
651 2088 725 2136 uuus,
737 2068 808 2121 eddi·
856 2089 935 2139 quum
952 2070 1143 2144 prudentissime
1156 2096 1184 2128 ca
1198 2078 1237 2129 uti
1246 2078 1368 2140 sciverit,

299 2151 604 2222 derntquehancvocem:
620 2171 633 2196 e
642 2149 702 2199 Non
716 2147 777 2216 quid
785 2159 808 2198 te
856 2166 903 2200 nee
909 2149 1027 2220 postules,
1035 2151 1143 2205 uthomo
1150 2154 1317 2208 humenitatis
1324 2157 1371 2208 iru-

299 2231 409 2302 accipere
423 2231 525 2294 deceat,
542 2229 586 2280 sed
599 2227 661 2299 quid
677 2225 805 2291 medere,
856 2225 1016 2280 becillitetcm
1022 2231 1194 2302 eruerit:quis
1203 2234 1274 2286 enirn
1281 2256 1369 2308 regum

299 2309 424 2362 annino,
434 2329 447 2354 n
858 2303 982 2358 ducumve
995 2325 1145 2378 magnorum
1159 2331 1275 2381 uuqueru
1296 2317 1370 2366 exsti·

335 2387 683 2450 1.Ale.eonder...vesonus,
694 2385 749 2452 qui,
762 2394 808 2434 etc·
857 2387 899 2450 tit,
912 2408 989 2457 quem
1000 2391 1217 2465 fortunuprop'nia
1229 2407 1300 2448 tante
1310 2397 1372 2448 asst-

299 2467 420 2538 Iniquum
441 2467 469 2519 in
485 2465 658 2518 Alexandrum
678 2465 714 2516 lll.
732 2463 808 2514 luisse
858 2463 952 2518 duitete
964 2479 989 2518 et
1002 2465 1054 2520 lide
1067 2469 1164 2543 integro
1182 2489 1282 2542 semper
1293 2474 1372 2526 couti·

299 2567 372 2620 supra
383 2546 514 2616 aliquoties
526 2544 668 2598 docuimus.
683 2543 722 2596 Cf.
730 2544 752 2609 1,
767 2541 806 2608 13,
857 2554 906 2594 tute
917 2543 958 2610 sit,
966 2557 994 2598 ut
1004 2545 1069 2598 nulli
1078 2548 1140 2600 vitio
1149 2550 1264 2604 deditum
1272 2571 1299 2604 se
1310 2573 1374 2625 pre·

303 2648 312 2678 ι
335 2626 379 2679 ubi
397 2626 514 2698 quedem
535 2625 590 2678 loce
608 2623 736 2676 ettulimus
756 2623 805 2676 huc
854 2620 959 2686 stiterit,
974 2637 998 2675 et
1010 2624 1042 2676 ab
1053 2625 1097 2677 ille
1110 2625 1300 2701 incorruptum!

299 2704 457 2779 pertinentis.
467 2704 514 2756 llis
522 2703 582 2755 addi
593 2715 696 2776 possunt
705 2702 806 2756 Boluus
887 2701 995 2754 erano
1003 2708 1372 2776 munerisr'noe'dr'omssdium,

299 2795 396 2835 nostres
408 2794 489 2852 poete,
503 2782 548 2851 qui
557 2781 627 2834 huuc
639 2799 725 2852 regem
737 2799 807 2832 vese-
854 2778 1026 2832 veliuvidieru
1037 2784 1108 2848 (nem
1117 2782 1285 2857 hoclperuru
1295 2791 1373 2841 refert

299 2881 361 2912 nurn
368 2874 393 2914 et
401 2861 542 2914 dementem
550 2858 807 2928 dieitzd'esoogueuoe
856 2861 913 2929 quis
929 2860 1029 2932 proprie
1051 2880 1137 2913 sensus
1155 2871 1197 2916 τοῦ
1216 2867 1371 2932 invidiam)

299 2937 808 3009 1’Ange‘1t,eu.(sacvm),ortuum-
857 2958 913 3008 que
925 2959 954 2992 er
966 2959 1070 2994 munere
1083 2955 1154 2995 teuto
1165 2944 1302 3018 accipienti
1318 2949 1372 2999 ed-

299 3017 492 3088 saeusquiillum
500 3016 808 3087 AttiloeoequiperetdOde
856 3016 951 3070 herere
964 3033 1052 3090 posset.

299 3094 687 3168 etloFort.)Epithetuneutem
695 3115 807 3150 veronus
888 3098 912 3149 3.
923 3101 1054 3152 Animosa
1065 3121 1123 3154 vox
1134 3104 1239 3156 vident
1247 3114 1274 3156 et
1285 3109 1371 3174 regio,
1438 3153 1439 3156 ,

299 3173 368 3226 hand
377 3173 466 3226 scioeu
475 3171 585 3225 hocloco
593 3173 806 3226 reeteedhibitum
855 3179 1147 3244 quumss'tstultr'ssr'mo
1157 3179 1273 3234 Piueiau.
1281 3202 1304 3234 e.
1312 3184 1371 3237 cod.

299 3253 331 3305 eit
355 3272 369 3303 a
391 3251 506 3315 Seneca,
536 3251 581 3322 qui
601 3251 684 3304 statim
704 3251 806 3304 laudem
856 3252 928 3307 eruit.
943 3257 1118 3310 Erasmustet
1134 3264 1370 3328 puomregr‘ose't,

299 3330 436 3384 Alexandri
462 3330 586 3402 adjungit,
605 3329 730 3400 Magnum
751 3329 807 3381 aui-
855 3342 894 3386 est
907 3336 1071 3386 stultissimo.

298 3428 370 3462 utum
381 3420 482 3462 censes
495 3427 551 3480 que
561 3420 700 3478 sequuntur
710 3405 806 3460 decent·
886 3414 910 3480 4.
917 3412 1105 3466 Nihil....decet
1117 3414 1201 3468 Stoice
1211 3413 1261 3469 hoc
1272 3417 1370 3470 dietum

299 3486 366 3559 Lips.
375 3486 401 3538 h.
410 3484 809 3556 l.euuotovit:Nusquemnoster
859 3503 902 3542 est.

299 3585 394 3639 pronus
402 3566 430 3617 iu
444 3564 511 3618 hune
521 3584 606 3638 regern
621 3581 715 3635 :quem
724 3583 810 3617 revere
892 3571 914 3620 5.
926 3569 1061 3637 Propertio
1076 3570 1143 3622 bonu
1163 3568 1240 3624 lectio
1256 3583 1301 3622 est.
1315 3571 1370 3624 Alii

300 3643 390 3716 vulgus
402 3656 428 3696 et
438 3643 539 3696 fortune
550 3643 650 3716 magis,
662 3661 739 3713 quem
749 3661 810 3713 pru·
858 3646 932 3700 eodd.
942 3663 980 3718 ap·
989 3647 1061 3699 Piuc.
1072 3660 1189 3718 prestent
1197 3652 1277 3713 ratio,
1291 3670 1370 3718 quem

301 3720 810 3776 dentesetretionttolluut.Enimveroetsi
859 3744 948 3776 vocem
963 3744 1008 3795 pro
1025 3723 1106 3794 glossa
1125 3733 1167 3776 τοῦ
1178 3732 1314 3792 proporte'o
1326 3729 1370 3778 lte-

300 3820 393 3872 megue
407 3801 467 3854 vitie
482 3799 683 3854 Alexendriuou
699 3820 811 3873 negave—
858 3801 916 3866 beo,
935 3801 1026 3876 quippe
1046 3802 1116 3871 cujus
1135 3803 1162 3854 iu
1183 3803 1229 3855 teli
1246 3823 1272 3855 re
1287 3803 1372 3856 rarior

300 3879 359 3942 rim,
370 3890 455 3932 temen
465 3877 657 3931 concedendurn
666 3890 711 3944 est,
723 3896 810 3950 regem
858 3899 916 3932 usus
928 3879 985 3932 suit.

300 3957 345 4025 qui
356 3957 413 4008 ralia
423 3957 509 4009 auimo
521 3955 661 4027 conceperit
672 3957 811 4028 etperlece·
890 3957 914 4008 li·
930 3955 1033 4026 Ubique
1051 3960 1153 4010 virtutis
1173 3970 1272 4028 praestet
1291 3979 1370 4028 qutun

300 4033 346 4098 rit,
356 4034 462 4107 dignum
476 4034 635 4098 laudatione,
647 4034 710 4105 quin
728 4033 810 4088 admi·
858 4041 960 4105 utrique
969 4039 1078 4098 virtuti,
1097 4048 1121 4087 et
1132 4035 1250 4110 deinceps
1263 4042 1371 4106 congio-

301 4111 403 4172 ratioue,
413 4131 512 4164 summe
528 4112 567 4164 sui
585 4113 634 4165 aevi
651 4112 735 4164 fuisse.
756 4112 810 4165 Nec
859 4117 899 4166 n'o
909 4131 985 4183 quem
994 4114 1120 4180 conjugia.

302 4189 363 4243 sitio
371 4191 807 4260 eivertes,quodiortuueeifeverit‚
892 4211 915 4256 7.
928 4191 1019 4258 tlEque
1026 4205 1231 4260 peceat....qunm
1241 4193 1372 4258 quoddes.
