2954 4926
319 423 384 486 562
660 411 728 479 DE
752 411 1058 480 BENEFlCllS

318 545 419 612 claris
433 543 491 634 jus
506 543 674 632 integrum
689 593 699 622 ‚
715 541 976 634 libertatemque
992 567 1068 609 cum
1084 543 1301 609 immunitate
1317 541 1396 609 red-

318 662 472 740 diderat,
493 661 566 752 ipsa
583 659 746 728 tributum
765 660 992 754 spadonibus¹
1014 659 1193 752 penderet.

366 779 479 846 xvtl.
505 777 651 846 Deliciet
678 777 753 844 dies
776 795 1032 844 enumerantem
1050 778 1205 870 ingratos
1225 801 1340 868 usque
1363 779 1395 842 iu

317 895 435 962 ultima
445 893 562 986 patriae
574 893 686 961 exitia.
703 894 810 984 AEque
825 896 1024 964 immensum
1039 895 1126 974 erit,
1145 895 1173 960 si
1188 915 1396 986 percurrere

318 1035 473 1103 uepero,
494 1013 566 1104 ipsa
583 1011 775 1103 respublica
789 1037 891 1102 quam
910 1013 1044 1103 ingrata
1057 1011 1095 1077 in
1111 1012 1261 1103 optimos
1274 1035 1316 1078 ac
1331 1008 1396 1076 de-
1465 1021 1466 1056 i

318 1123 507 1192 votissimos
527 1124 592 1192 sibi
611 1124 732 1206 luerit,
755 1149 927 1217 quamque
945 1149 1014 1194 non
1033 1126 1147 1192 minus
1164 1148 1255 1218 saepe
1274 1149 1395 1217 peoea-
1465 1105 1466 1112 Ι

318 1239 422 1318 verit,
435 1260 536 1328 quam
549 1239 583 1302 in
597 1239 702 1332 ipsam
713 1255 888 1332 peccatum
899 1255 962 1306 est.
979 1238 1159 1306 Camillum
1172 1239 1210 1304 in
1222 1238 1392 1304 ²exsilium

319 1355 435 1438 misit,
453 1354 646 1445 Scipionem
668 1355 818 1440 dimisit,
847 1357 1009 1426 exsulavit
1032 1373 1110 1449 post
1132 1355 1321 1423 Catilinam
1338 1356 1396 1422 Ci-

319 1494 399 1538 cero
408 1521 418 1553 ,
433 1468 538 1537 diruti
553 1468 627 1561 ejus
639 1487 800 1561 penates,
818 1473 907 1540 bona
919 1473 1069 1566 direpta,
1088 1472 1214 1539 factum
1226 1471 1394 1562 quidquid

279 1631 293 1662 ι
319 1591 429 1657 victor
439 1587 585 1656 Catilina
597 1585 743 1654 lecisset.
755 1581 916 1658 Rutilius⁵
928 1591 1129 1658 innocentiae
1138 1590 1293 1682 pretium
1306 1588 1393 1654 tulit.

320 1709 355 1773 in
371 1703 451 1772 Asia
464 1701 570 1770 latere
589 1731 596 1768 ε
616 1704 736 1770 Catoni
752 1706 899 1796 populus
912 1710 1084 1774 Romanus
1099 1722 1284 1800 praeturam
1299 1730 1395 1795 nega-

320 1821 386 1898 vit,
409 1816 619 1886 consulatum
646 1817 858 1908 pernegavit.
885 1820 1016 1912 Ingrati
1042 1819 1181 1912 publice
1203 1843 1334 1886 sumus.
1355 1821 1395 1885 Se

321 1933 466 2024 quisque
487 1931 701 2022 interroget:
722 1955 823 1998 nemo
846 1954 914 1998 non
938 1933 1087 2025 aliquem
1104 1933 1266 2024 queritur
1280 1934 1395 2024 ingra-

323 2065 406 2118 tum.
435 2049 539 2139 Atqui
560 2071 629 2115 non
647 2063 757 2141 potest
777 2049 871 2129 lieri,
900 2064 937 2115 ut
964 2073 1080 2118 omues
1103 2065 1310 2142 querantur,
1332 2051 1395 2114 nisi

323 2165 535 2257 querendum
558 2181 608 2232 est
627 2163 670 2231 de
688 2159 865 2232 omnibus⁴
886 2192 893 2230 ε
920 2190 1037 2234 omues
1054 2190 1136 2258 ergo
1155 2167 1286 2257 ingrati
1304 2181 1392 2232 sunt.

283 2289 298 2340 3
323 2282 497 2350 Tantum?
515 2297 549 2347 et
565 2279 680 2373 cupidi
693 2273 848 2364 omues⁵,
873 2297 908 2348 et
924 2281 1064 2374 maligni
1084 2305 1221 2364 omnes,
1239 2297 1274 2348 et
1289 2281 1395 2348 timidi

325 2424 463 2483 omnes,
484 2397 534 2464 illi
550 2399 586 2465 in
604 2399 724 2490 primis
742 2401 802 2489 qui
828 2397 987 2466 videntur
1008 2397 1166 2468 audaces.
1198 2397 1343 2490 Adjice,
1365 2413 1397 2462 et

325 2515 494 2584 ambitiosi
511 2537 627 2580 omnes
645 2530 744 2594 sunt,
768 2530 802 2580 ct
821 2515 917 2608 impii
935 2499 1064 2582 omues.
1083 2513 1150 2584 Sed
1163 2537 1234 2581 non
1247 2512 1396 2604 estquod

364 2777 384 2810 ι.
397 2755 574 2824 Spadonibut.
593 2755 737 2826 Respexisse
759 2756 838 2809 videri
887 2755 1397 2830 Schweigb.mouet‚praeter.ltbenaum‚

326 2850 406 2912 potest
421 2848 505 2888 noster
516 2835 549 2888 ad
566 2835 700 2887 lloratium
717 2834 797 2908 Epod.
811 2838 839 2898 Ι,
886 2837 1015 2888 neminem
1034 2835 1115 2910 Apicii
1133 2835 1287 2888 accusatoris
1306 2853 1396 2886 nomen

327 2937 381 2984 (Μ
395 2935 432 2983 sq.
440 2913 556 2966 etCsrur.
567 2915 593 2972 Ι,
604 2913 646 2980 37,
659 2917 673 2966 5
684 2933 720 2983 sq.
728 2913 841 2985 Propert.
887 2915 1017 2966 memoriae
1027 2911 1212 2986 prodidisseln
1222 2911 1322 2976 exsilio,
1333 2910 1397 2981 quod

331 2995 376 3058 ΙΙΙ,
392 3013 430 3056 ιι,
442 2993 471 3045 31
486 3005 510 3043 et
517 2991 548 3044 32
560 3011 586 3043 2«
598 2991 719 3060 Coniugii
733 2991 837 3042 obsceni
888 2993 1020 3064 Smyrnae,
1034 2991 1077 3041 ubi
1092 3010 1162 3064 paene
1174 3011 1188 3042 a
1199 2989 1349 3042 Mithridate
1357 2988 1397 3038 in-

330 3071 437 3144 pretium
450 3070 565 3122 llomana
576 3069 687 3143 poposcit
699 3070 805 3131 Moenia,
816 3081 840 3120 et
888 3072 1005 3122 terlcctns
1014 3081 1084 3131 esset,
1098 3069 1158 3142 egit,
1171 3068 1306 3120 historiam
1317 3067 1398 3140 populi

330 3151 443 3204 addictos
457 3149 482 3200 in
497 3169 541 3202 sua
555 3167 633 3220 regna
646 3159 757 3220 putres.»
890 3167 951 3199 rom.
964 3165 1062 3220 grace,
1079 3147 1122 3198 sed
1140 3146 1218 3197 vitam
1236 3165 1310 3197 suam
1324 3146 1397 3196 lstine

364 3229 448 3280 XVll.
463 3231 533 3279 Atto.
545 3223 719 3278 Continuatio.
890 3225 1002 3298 scripsit,
1016 3225 1138 3276 lltlreuteo
1152 3223 1169 3274 l.
1187 3225 1206 3274 l.
1219 3235 1245 3274 et
1261 3224 1318 3286 Vl,
1335 3225 1399 3286 apl,

366 3327 389 3359 a.
400 3307 577 3360 Camillumin
586 3304 728 3364 exsilium,
743 3313 789 3352 etc.
802 3300 843 3352 Li·
892 3302 951 3366 llll,
960 3299 1133 3366 543‚auctore.
1146 3299 1188 3352 Cl.
1197 3301 1234 3352 lo.
1242 3300 1394 3352 GorbVoss

332 3384 400 3456 psius
406 3381 547 3435 observarit
559 3391 623 3432 recte
631 3378 792 3430 Valerlllss.
802 3379 840 3440 V,
893 3379 924 3430 tle
933 3379 1052 3431 llistoric.
1065 3379 1108 3430 lat.
1118 3379 1139 3442 Ι,
1151 3399 1175 3450 9.
1185 3377 1225 3428 De
1239 3381 1336 3430 &tone
1347 3379 1401 3430 Uti-

334 3463 366 3526 3,
386 3463 437 3534 ipsa
452 3461 505 3514 baec
519 3457 633 3530 exempla
647 3456 756 3508 attulisse
768 3491 774 3520 ‚
786 3473 844 3526 quae
893 3460 962 3510 censi
973 3457 1024 3510 rid.
1034 3457 1101 3510 Plut.
1112 3457 1160 3507 To.
1171 3457 1217 3508 lv.
1229 3455 1316 3508 Reisl.
1324 3477 1349 3527 p.
1358 3455 1402 3518 433

334 3541 418 3591 omnia
432 3539 459 3590 in
471 3534 609 3590 notissimis
619 3546 686 3586 suut.
894 3536 1053 3604 sq.Vatinius
1060 3535 1082 3587 ei
1089 3534 1205 3608 prtelatus
1212 3547 1347 3606 praetnram
1356 3555 1402 3584 am·

369 3618 392 3669 3.
405 3617 529 3668 ltuta'tius.
545 3613 587 3666 Cl'·
603 3613 705 3664 Gonsol·
721 3611 753 3663 td
766 3612 844 3662 Marc·
895 3615 974 3667 bienti
987 3633 993 3665 ε
1007 3635 1054 3666 uec
1069 3614 1165 3667 Consul
1177 3627 1273 3666 creatus
1289 3627 1333 3666 est

336 3694 424 3758 XXll,
440 3714 453 3744 a
471 3705 522 3744 not.
536 3692 567 3742 de
587 3689 688 3742 Provid.
702 3711 721 3742 c.
741 3689 765 3738 3.
785 3689 845 3740 δω-
928 3695 950 3756 l.
965 3695 1050 3762 Atqui
1060 3713 1111 3744 uon
1120 3701 1207 3761 potest
1207 3729 1265 3743 .......
1277 3693 1401 3743 omm'bus.

336 3771 435 3844 pissime
448 3769 522 3840 hujus
533 3769 638 3830 Rutilii,
653 3781 676 3819 et
691 3767 846 3839 praestantis-
895 3769 1031 3823 Sententiae
1050 3789 1157 3822 acumen
1177 3769 1225 3822 boc
1246 3784 1292 3822 est.
1310 3771 1403 3821 Omnes
1427 3783 1429 3786 '

336 3850 393 3901 simi
402 3862 426 3900 et
435 3846 584 3900 sanctissimi
590 3845 649 3907 viri,
660 3847 725 3914 quia
737 3845 808 3897 Sulla
817 3863 846 3896 ex
895 3861 1050 3919 queruntur:
1061 3847 1154 3918 singuli
1163 3861 1248 3900 autem
1257 3849 1309 3900 l'ere
1320 3849 1351 3900 de
1359 3849 1405 3900 sin-

336 3926 423 3977 exsilio
436 3937 566 3978 revocatus
579 3924 661 3976 redire
670 3925 762 3986 noluit,
773 3943 845 3975 men·
896 3927 961 3998 gulis
971 3967 977 3992 ,
991 3939 1058 3980 certe
1069 3923 1173 3977 diversis
1183 3945 1261 4000 :ergo
1272 3945 1361 3978 omnes
1371 3926 1405 3976 iu·

336 4005 372 4056 tio
387 4004 497 4074 injicitur
512 4024 525 4055 a
540 4015 625 4056 nostro
642 4002 763 4073 aliisquo,
782 4021 804 4054 e.
825 4023 846 4054 e.
896 4006 972 4079 grati,
986 4006 1054 4076 quod
1067 4006 1169 4076 querela
1181 4025 1210 4057 ea
1221 4003 1323 4058 erineit.

337 4081 460 4136 Cicerone
479 4084 529 4147 (el.
546 4082 644 4134 Ernesti
662 4081 741 4133 ludex
760 4081 846 4132 histor.
930 4087 952 4136 5.
969 4085 1182 4137 Tantum?et.....
1195 4103 1295 4138 omnes.
1314 4084 1375 4136 ttaee
1387 4095 1407 4134 et

337 4161 362 4212 b.
374 4162 560 4227 r.);lltbenaeo
575 4163 609 4212 lV
623 4181 678 4234 pag.
699 4160 847 4228 rosmubi
896 4162 1027 4232 sequeutia
1049 4174 1160 4238 spectant
1181 4161 1214 4213 ad
1240 4161 1312 4215 Stoae
1336 4181 1407 4234 para-
