2966 4948
1249 273 1260 322 t

315 416 379 486 258
476 413 546 486 DE
569 417 759 488 MORTE
784 417 995 489 CLAUDII
1019 417 1203 488 LUDUS.

305 542 535 618 concedamus,
553 553 656 608 umen
674 541 793 608 ltomini
811 544 844 608 iu
862 544 933 608 aula
948 558 980 610 et
998 545 1030 608 in
1046 545 1234 629 gravissimis
1252 544 1384 608 honori-

302 649 389 726 ,tue
403 670 480 732 quos
489 649 561 712 aula
570 651 639 730 dat,
652 651 879 732 quummaxime
890 639 1022 716 verimi
1034 650 1100 716 hec
1114 650 1204 715 venia
1213 665 1244 714 et
1253 654 1384 736 petenda

312 771 342 820 et
355 757 453 820 danda
469 756 622 819 interdum
641 777 707 820 este
728 757 863 836 videtin,
877 769 911 820 ut
927 757 1080 843 duplicem
1093 757 1195 841 capiat
1207 778 1384 840 personam.

309 860 443 944 Quodsi
458 881 623 946 ponamus,
639 861 721 928 haud
735 863 867 928 difficilis
884 878 930 928 est
949 862 1075 928 Senecae
1098 864 1272 943 excusatio,
1291 887 1384 946 quem

309 982 411 1053 partes
419 966 554 1033 Neronis
565 969 607 1033 ita
621 970 784 1036 defendere
800 971 944 1049 decebat,
959 985 1011 1048 ut,
1027 990 1122 1054 quum
1134 974 1172 1036 dc
1187 971 1312 1034 homine
1328 994 1384 1055 pn·

308 1077 387 1142 blice
403 1076 493 1162 idque
507 1077 620 1140 merito
634 1079 777 1140 &innato
792 1090 883 1160 atque
896 1080 974 1142 adeo
990 1078 1118 1141 arbitrio
1135 1079 1266 1164 cujusvis
1284 1078 1382 1142 libere

308 1186 480 1247 condonato
499 1196 666 1268 ageretur,
693 1203 731 1248 eo
756 1198 907 1268 utcunque
922 1184 1122 1249 describendo
1143 1206 1180 1249 ac
1197 1188 1381 1262 tractando,

307 1304 452 1374 tanquam
474 1289 602 1354 materia
620 1289 749 1374 locoque
765 1291 921 1355 communi
941 1292 986 1354 nti
1003 1311 1065 1354 uon
1078 1291 1275 1354 dubitandum
1289 1305 1380 1354 esset.

304 1393 456 1463 Minuitur
469 1396 562 1460 etiam
579 1396 687 1480 eulpa,
699 1397 728 1462 ai
741 1410 851 1460 statim
865 1395 990 1462 Senecae
1002 1411 1188 1481 reputemus.
1200 1396 1285 1479 Quid
1298 1397 1383 1458 enim

304 1502 423 1568 homini
438 1503 538 1568 ardico
561 1502 759 1570 amoenissimi
777 1503 890 1588 ingenii
910 1519 941 1567 et
957 1503 1109 1568 comitatis
1123 1525 1242 1589 magnae
1256 1504 1380 1584 (Tacit

304 1612 387 1676 Anu.
405 1609 503 1690 Xlll,
522 1607 564 1694 a)
581 1609 683 1674 lacere
702 1609 788 1674 licuit
802 1624 909 1695 rogato
929 1610 1033 1674 forsan
1054 1612 1096 1676 ab
1118 1611 1288 1697 Agrippina
1311 1611 1382 1676 Ne-

304 1718 390 1785 ronis
399 1731 517 1796 matre,
533 1717 739 1782 utcontemtui
748 1717 890 1802 publico,
904 1718 954 1782 cui
964 1715 1109 1784 Claudius
1121 1721 1237 1803 jamdiu
1252 1719 1380 1782 traditus

305 1840 391 1905 erat,
418 1824 556 1910 augendo
573 1837 663 1908 atque
679 1822 910 1910 comprobando
928 1825 1041 1908 etipse
1061 1845 1116 1888 suo
1131 1826 1254 1909 iugenio
1272 1827 1379 1888 deesse

303 1931 419 1998 nollet?
429 1928 693 2013 Numreiragandi
705 1931 793 2015 copia
806 1931 916 1995 fuerit?
925 1929 1209 2017 Minimegentium.
1218 1930 1309 1994 Talia
1321 1953 1380 1992 an-

303 2051 367 2101 tem
380 2056 439 2122 pro
452 2034 544 2100 certis
556 2055 673 2120 ponere
688 2048 719 2098 et
730 2035 865 2100 historice
880 2035 962 2101 male
979 2039 1089 2101 tacenti
1110 2052 1291 2120 extorquere
1307 2039 1381 2102 lieet

303 2141 450 2206 historico
468 2139 610 2204 homines
630 2141 783 2226 reputanti
797 2141 909 2226 ultique
928 2142 961 2206 in
982 2144 1076 2206 rebus
1091 2144 1242 2206 similibus
1262 2144 1380 2206 similes

304 2249 363 2312 sibi
377 2269 459 2326 esse,
474 2267 638 2329 rerumque
652 2269 743 2312 usum
757 2249 935 2312 consulenti.
949 2245 991 2312 Et
1001 2271 1141 2332 quaenam
1152 2251 1248 2330 gratia
1259 2251 1379 2314 bomini

303 2353 439 2440 persolvi
451 2351 601 2430 debebat,
614 2352 667 2434 qui
678 2365 793 2418 temere
806 2353 837 2416 iu
851 2355 975 2418 exilium
990 2356 1112 2419 micare
1124 2400 1134 2430 ,
1148 2369 1180 2418 et
1191 2356 1261 2418 iude
1273 2357 1380 2419 itidem

304 2482 450 2530 revocare
465 2459 604 2524 solebat!
622 2459 736 2524 Parmn
750 2475 852 2526 autem
865 2460 897 2524 in
911 2459 1062 2526 Senecam
1077 2463 1187 2526 cadere
1203 2464 1294 2526 istam
1305 2464 1380 2526 deli-

304 2567 538 2651 catioremjosto
546 2565 693 2630 sentiendi
701 2567 854 2632 rationem
866 2570 1163 2650 (untimentolitutem
1176 2570 1308 2632 barhare
1319 2591 1380 2631 no-

304 2673 371 2738 vitii
390 2673 547 2752 rocam),
569 2691 663 2754 quam
679 2669 845 2738 Diderotm
863 2673 896 2736 in
915 2692 955 2738 eo
968 2672 1101 2757 positam
1122 2675 1240 2754 voluit,
1257 2696 1294 2737 ex
1311 2675 1380 2738 aliis

306 2781 384 2846 locis
398 2777 584 2864 colligimus,
596 2776 649 2840 ubi
659 2773 781 2842 Claudii
789 2780 978 2844 mentionem
987 2780 1059 2846 iecit
1068 2781 1149 2844 haud
1158 2781 1376 2857 honorificam,

306 2881 725 2970 e.e.deBenel.l,15,3.

346 2995 415 3062 Nee
429 2997 545 3084 opponi
560 3009 661 3084 potest
673 2993 775 3060 irrisio
791 2991 895 3069 sos,
912 3013 972 3078 qua
986 2993 1109 3077 quidem
1123 3008 1229 3058 auctor
1241 2994 1307 3058 ludi
1317 3016 1379 3058 non

305 3104 460 3170 abstinuit.
471 3103 557 3170 Num
570 3103 736 3170 verisimile
754 3115 817 3179 est,
833 3101 893 3166 dici
908 3115 1027 3185 potest,
1040 3101 1302 3166 Senecamstoicae
1313 3103 1381 3187 phi·

308 3213 456 3300 losophin
470 3225 543 3278 tune
556 3212 705 3299 temporis
719 3211 783 3294 jam
797 3207 932 3274 deditum
941 3222 1006 3272 tam
1025 3209 1141 3292 abjecte
1160 3209 1297 3272 locutum
1313 3232 1381 3274 esse

307 3322 346 3384 de
368 3320 548 3404 quibusdam
576 3319 648 3384 huie
668 3315 921 3403 philosophorum
948 3329 1037 3380 secte
1060 3329 1124 3379 tam
1154 3315 1233 3379 caris
1258 3318 1379 3382 rebus?

307 3425 422 3492 Nonne
441 3430 515 3492 deus
535 3428 668 3503 stoims,
693 3446 795 3489 nonne
817 3420 988 3500 Hercules,
1008 3445 1100 3506 quem
1120 3422 1196 3486 tanti
1213 3425 1381 3488 aestimasse

308 3548 427 3602 constat
441 3533 582 3614 Stoicos,
598 3533 727 3599 ridiculo
741 3531 807 3597 est?
826 3528 940 3595 Audio.
954 3527 997 3594 At
1014 3531 1087 3613 quid
1106 3530 1249 3614 impedit,
1263 3533 1384 3614 quomi-

307 3663 366 3710 nus
377 3621 517 3708 nonnum
531 3641 582 3707 vel
599 3643 731 3705 maxime
747 3638 876 3704 stoicum
895 3651 1061 3702 staonmus
1073 3637 1138 3701 haee
1156 3638 1380 3719 immiscuisse,

307 3763 342 3816 ut
353 3750 532 3830 ridiculum,
547 3752 630 3833 qnod
645 3747 819 3832 merebat,
831 3759 974 3830 augeret,
987 3745 1018 3806 iu
1033 3745 1217 3810 memoriam
1231 3768 1383 3812 revocans

308 3857 413 3924 locum
430 3857 583 3922 Varronis
602 3855 835 3933 facetissimum,
849 3852 933 3936 cujus
948 3865 1050 3915 umen
1067 3873 1194 3916 acumen
1212 3852 1305 3917 nobis
1324 3879 1383 3941 pe-

307 3965 381 4028 riit?
399 3961 537 4030 oblitine
555 3981 659 4028 atomus
677 3957 857 4038 Ciceronis,
882 3957 934 4042 qui
957 3971 992 4022 ut
1009 3955 1161 4023 Catonem
1177 3959 1308 4024 ridiculo
1328 3983 1383 4023 ex·
1471 3945 1472 3952 ἵ

307 4077 436 4148 poneret
446 4063 693 4150 ,philosophiam
707 4082 800 4143 quiam
819 4059 907 4124 valde
921 4081 992 4122 eum
1004 4080 1124 4161 amasse
1140 4074 1275 4140 emetat,
1290 4065 1384 4126 etiam
