2976 4950
339 496 866 610 xn1a.11,cs12.uu‘111.
1087 527 1153 619 387

82 656 188 724 bomo
216 651 368 746 ejusdem
403 651 581 735 infamiae,
615 652 777 745 majorem
813 655 976 725 summam
1011 656 1156 726 misisset

82 774 319 862 instaretque,
336 781 376 836 ut
387 769 496 860 accipi
506 766 646 861 juberet
662 795 670 836 :
686 771 803 863 Rogo,
825 771 957 868 inquit,
974 771 1153 866 ignoscas3
1172 809 1175 823 ·

83 911 167 956 nam
181 903 215 955 et
227 909 248 954 a
259 885 398 955 Persico
417 908 487 953 non
500 886 630 979 accepi.
643 887 765 955 Utrum
771 888 987 960 boemunera
1000 890 1156 984 accipere

86 1021 141 1074 est
154 1007 170 1073 t
182 1027 226 1072 an
240 1017 394 1071 senatum
415 1001 531 1095 legere
543 1005 553 1038 ¹
567 1003 583 1070 t

134 1121 256 1192 XXII.
270 1120 388 1212 Quum
404 1117 641 1212 accipiendum
649 1117 936 1212 judicaverimus,
958 1121 1086 1192 hilares
1098 1147 1158 1193 ac·
1200 1184 1202 1188 ,

87 1240 281 1332 cipiamus,
311 1235 514 1328 profitentes
533 1233 695 1329 gaudium
721 1261 730 1303 ε
758 1252 793 1306 et
814 1235 851 1306 id
874 1235 969 1308 danti
994 1241 1161 1310 manifes-

87 1370 164 1423 tum
178 1355 244 1438 eit,
259 1368 298 1422 ut
313 1353 460 1421 fructum
477 1353 821 1446 presentem-capiat.
842 1357 937 1424 Iusta
952 1355 1044 1424 enim
1059 1381 1162 1426 causa

88 1469 219 1536 laetitiae
242 1481 314 1550 est,
350 1466 463 1578 latum
493 1466 641 1535 amicum
661 1465 781 1536 videre
808 1493 817 1535 ε
841 1467 989 1562 justior,
1026 1471 1158 1541 fecisse.

88 1587 199 1654 Grate
224 1581 268 1650 ad
290 1605 352 1649 nos
370 1582 567 1675 pervenisse
588 1580 778 1652 indicemus
799 1583 917 1654 effusis
942 1585 1122 1657 affectibus
1152 1615 1160 1656 :

89 1701 187 1796 qood
206 1722 280 1771 non
299 1699 374 1792 ipso
400 1713 532 1766 tantum
550 1697 734 1784 audiente,
761 1699 823 1770 sed
840 1701 969 1795 ubique
987 1719 1160 1776 testemur.

90 1818 166 1911 Qui
185 1832 281 1910 grate
299 1813 506 1886 beneficium
524 1816 676 1909 accepit,
688 1817 835 1910 primam
852 1819 928 1913 ejus
942 1823 955 1854 ²
967 1820 1166 1915 pensionem

90 1933 209 2004 solvit.
1139 1949 1142 1956 '

142 2049 282 2120 XXIII.
296 2049 382 2118 Sunt
394 2045 547 2140 quidam,
559 2049 619 2140 qui
632 2047 830 2120 noluntnisi
843 2067 973 2122 secreto
987 2056 1143 2149 accipere
1157 2081 1166 2121 :

92 2183 216 2238 testem
229 2166 390 2236 beneficii
408 2181 443 2234 et
457 2166 629 2234 conscium
641 2166 751 2236 vitant
764 2188 772 2234 ε
791 2190 876 2261 quos
889 2172 976 2238 scias
989 2171 1071 2240 licet
1083 2171 1170 2241 male

95 2285 263 2378 cogitare.
283 2280 463 2376 Quomodo
479 2281 573 2350 danti
602 2283 639 2350 in
657 2297 788 2352 tantum
807 2281 1029 2379 producenda
1050 2288 1172 2357 notitia

97 2417 151 2470 est
166 2401 320 2470 muneris
336 2400 403 2484 sui,
413 2399 450 2466 in
464 2413 629 2490 quantum
647 2397 856 2469 delectatum
875 2417 927 2469 est
942 2425 1020 2470 eum
1039 2403 1094 2470 cui
1106 2401 1173 2471 da-

99 2537 157 2588 tur
176 2569 186 2602 ,
224 2519 271 2586 ita
288 2517 472 2617 accipienti
488 2513 684 2584 adhibenda
700 2507 842 2585 concio³
860 2534 923 2586 est.
944 2518 1047 2611 Quod
1064 2517 1173 2614 pudet

98 2715 232 2772 ann.Urb.
241 2717 317 2770 cond.
327 2735 382 2787 709,
392 2728 444 2768 ant.
454 2713 514 2770 Chr.
521 2711 612 2782 aaa&
662 2708 737 2788 duem
750 2717 855 2771 nonnisi
865 2718 958 2794 probos
973 2739 1099 2793 purosque
1121 2722 1173 2776 ad-

98 2800 191 2853 eonsul
210 2797 265 2850 tuit.
281 2797 350 2850 Hine
361 2796 465 2868 quidem
478 2796 509 2846 ad
521 2793 613 2846 'Caium
662 2794 753 2861 mittas.

99 2879 278 2949 imperatorem
287 2871 614 2928 annillreiroiterelfluxere.
695 2869 780 2923 XXII.
788 2873 859 2923 Aac.
866 2871 917 2924 Ubi
924 2873 1099 2946 accipiendum
1108 2875 1173 2947 judi·

100 2955 152 3009 Sed
165 2957 341 3006 Annaeusnon
355 2951 415 3003 dicit
428 2949 485 3001 Caii
497 2947 614 3021 tempori·
663 2949 757 3001 caveris
768 2986 776 3014 ,
787 2948 902 3002 hilariter
913 2963 937 3003 et
946 2971 1033 3004 sereno
1050 2952 1122 3004 vultu
1132 2973 1174 3006 ae·

99 3035 148 3086 bus
158 3031 249 3086 vixisse
258 3029 380 3084 Rebilum
392 3040 417 3080 et
428 3027 567 3080 admodum
579 3026 616 3098 ju·
664 3028 827 3104 cipiendnm,
840 3041 864 3081 et
873 3029 945 3101 quasi
960 3051 1100 3084 memorem
1117 3031 1175 3086 ani-

101 3129 195 3165 venem
215 3109 293 3163 fuisse
315 3105 462 3161 Graecinum
478 3103 616 3158 verisimile
664 3125 737 3156 mum
746 3103 887 3176 pollicearis
897 3107 975 3158 danti.

103 3203 149 3258 est,
160 3207 241 3261 quum
252 3188 279 3242 id
296 3185 359 3239 dixit
371 3203 379 3249 3
391 3205 452 3239 nam
464 3204 558 3237 munus
570 3203 617 3253 po·
700 3205 723 3237 a.
748 3183 922 3251 pensionem,
937 3183 1091 3238 solutionem
1104 3187 1176 3242 certis

104 3270 166 3346 pulo
180 3269 199 3321 ii
211 3267 347 3341 prasertim
363 3263 471 3318 edebant
479 3263 523 3335 qui
536 3262 617 3335 digni·
666 3261 822 3334 temporibus
835 3261 941 3314 divisam
953 3275 977 3314 et
986 3263 1164 3336 dispensatam.

105 3360 167 3400 tates
179 3343 293 3420 publicas
304 3341 456 3408 ambibanl,
471 3341 549 3411 etqui
560 3361 619 3392 am·
700 3339 797 3392 XXIII.
809 3343 882 3394 Atto.
894 3339 964 3404 Non,
977 3352 1006 3392 ut
1016 3341 1121 3412 quidam
1138 3343 1179 3394 sa-

104 3427 196 3482 bibant
224 3426 380 3498 juventutem
406 3441 472 3496 saepe
503 3421 619 3473 nondum
669 3417 747 3484 ciunt,
759 3417 790 3468 dc
803 3415 1041 3488 danteloquendum
1052 3417 1180 3492 maligne3

106 3504 202 3584 egressi
210 3517 288 3558 erant.
299 3505 367 3556 Tum
375 3521 388 3554 e
395 3499 477 3554 Fastis
486 3514 574 3553 notum
584 3511 621 3550 est
669 3497 696 3549 id
704 3517 756 3548 non
765 3494 939 3568 accipiendum
946 3495 1014 3566 quod
1022 3496 1144 3570 accepisse
1155 3509 1179 3548 te

108 3585 260 3639 Graecinum
279 3580 410 3634 consulatu
427 3591 544 3632 ornatum
561 3597 621 3630 ann.
670 3577 770 3651 pudeat.
1216 3565 1218 3570 ’

110 3663 174 3716 chr.
192 3673 244 3713 nst.
267 3657 406 3732 rbzpotuit
422 3676 482 3732 ergo
501 3655 621 3708 Rebilum
700 3651 1183 3708 &concoenareterecoddmtiicons·

110 3753 135 3792 et
153 3739 285 3792 Persicum
301 3737 336 3789 sie
355 3733 488 3810 objurgare
499 3735 551 3787 l'ere
564 3752 624 3785 ann.
672 3738 727 3800 cic,
745 3736 898 3787 constitutio
916 3753 924 3786 .·
941 3751 998 3804 quae
1012 3752 1107 3804 magno
1118 3729 1183 3782 Pin·

110 3815 308 3886 Iant.Cbr.nat.
317 3837 324 3878 ;
334 3835 394 3867 narn
402 3814 568 3887 quadraginta
574 3833 625 3865 an·
674 3813 748 3866 siano
760 3824 844 3864 tamen
857 3812 886 3864 in
897 3830 971 3864 causa
983 3811 1062 3874 fuere,
1072 3822 1101 3861 ut
1110 3807 1193 3860 naht-1

110 3917 160 3950 nos
172 3894 226 3947 nati
242 3893 401 3948 consulatum
417 3889 626 3964 adipiscebantur.
675 3891 775 3944 hadas
785 3894 901 3943 conscius
923 3887 1074 3944 emendaret.
1094 3886 1131 3942 At
1147 3884 1186 3938 nil

109 3975 169 4027 lIoe
182 3971 261 4024 modo
277 3971 384 4024 minime
400 3969 494 4022 mirum
510 3981 546 4021 ost
558 3968 627 4020 bunc
677 3963 1187 4043 opuseseccamedela,doeetlocusSene·

111 4073 194 4124 usquc
206 4050 233 4103 in
247 4069 344 4102 annum
354 4047 446 4101 vixisse
452 4043 629 4099 Caniniumll.
678 4065 714 4101 ea
722 4043 754 4099 de
761 4042 871 4108 Cleml,
884 4043 1039 4097 1:0rooem
1051 4041 1079 4093 in
1086 4041 1188 4094 conele-

151 4151 172 4183 ι.
189 4128 312 4180 Utrum...
324 4129 414 4196 legere.
430 4123 452 4178 l.
463 4146 486 4176 e.
498 4123 630 4177 Graecinus
678 4144 738 4176 nem
750 4121 1015 4177 omniummortalinrn
1023 4117 1187 4173 mittendam!

112 4227 166 4263 tam
178 4221 252 4262 eaute
265 4205 317 4280 egit
327 4206 355 4258 in
367 4199 498 4258 beneficiis
507 4203 631 4276 accipien·
679 4231 711 4245 -·
726 4205 831 4264 (cocio,
843 4200 948 4276 populus
964 4213 990 4251 et
1003 4199 1084 4254 turba.
1096 4197 1190 4252 Sensus

114 4291 176 4353 dis,
201 4287 272 4358 quasi
293 4285 316 4339 si
333 4297 448 4338 senatum
470 4281 584 4356 legeret,
602 4281 630 4334 in
681 4293 736 4333 est:
755 4277 829 4330 multi
847 4290 906 4330 sunt
920 4275 1079 4331 convocandi
1099 4275 1190 4348 quibus
