<?xml version="1.0" encoding="UTF-8"?>
<!DOCTYPE html PUBLIC "-//W3C//DTD XHTML 1.0 Transitional//EN"
    "http://www.w3.org/TR/xhtml1/DTD/xhtml1-transitional.dtd">
<html xmlns="http://www.w3.org/1999/xhtml" xml:lang="en" lang="en">
 <head>
  <title>
</title>
<meta http-equiv="Content-Type" content="text/html;charset=utf-8" />
  <meta name='ocr-system' content='tesseract 3.04.00' />
  <meta name='ocr-capabilities' content='ocr_page ocr_carea ocr_par ocr_line ocrx_word'/>
</head>
<body>
  <div class='ocr_page' id='page_1' title='image "./lannsenecparspr02bouigoog_0178.png"; bbox 0 0 2990 4942; ppageno 0'>
   <div class='ocr_carea' id='block_1_1' title="bbox 506 439 1249 562">
    <p class='ocr_par' dir='ltr' id='par_1_1' title="bbox 506 439 1249 562">
     <span class='ocr_line' id='line_1_1' title="bbox 506 439 1249 562; baseline 0.007 -29"><span class='ocrx_word' id='word_1_1' title='bbox 506 465 680 534; x_wconf 67' lang='lat' dir='ltr'><strong>aliur</strong></span> <span class='ocrx_word' id='word_1_2' title='bbox 703 464 793 534; x_wconf 83' lang='lat' dir='ltr'><strong>xx.</strong></span> <span class='ocrx_word' id='word_1_3' title='bbox 909 439 913 444; x_wconf 77' lang='grc'><strong>’</strong></span> <span class='ocrx_word' id='word_1_4' title='bbox 1131 457 1249 562; x_wconf 69' lang='lat'><strong>167·</strong></span> 
     </span>
    </p>
   </div>
   <div class='ocr_carea' id='block_1_2' title="bbox 114 589 1240 2429">
    <p class='ocr_par' dir='ltr' id='par_1_2' title="bbox 114 589 1240 2429">
     <span class='ocr_line' id='line_1_2' title="bbox 114 589 1195 688; baseline 0.002 -24"><span class='ocrx_word' id='word_1_5' title='bbox 114 589 351 688; x_wconf 72' lang='lat' dir='ltr'><strong>stipendium,</strong></span> <span class='ocrx_word' id='word_1_6' title='bbox 371 615 485 662; x_wconf 88' lang='lat' dir='ltr'><strong>nonne</strong></span> <span class='ocrx_word' id='word_1_7' title='bbox 502 593 561 662; x_wconf 91' lang='lat' dir='ltr'><strong>illo</strong></span> <span class='ocrx_word' id='word_1_8' title='bbox 579 593 667 664; x_wconf 87' lang='lat' dir='ltr'><strong>bene</strong></span> <span class='ocrx_word' id='word_1_9' title='bbox 684 597 797 666; x_wconf 83' lang='lat' dir='ltr'><strong>actum</strong></span> <span class='ocrx_word' id='word_1_10' title='bbox 813 596 931 667; x_wconf 73' lang='lat' dir='ltr'><strong>locet?</strong></span> <span class='ocrx_word' id='word_1_11' title='bbox 949 595 1015 664; x_wconf 91' lang='lat' dir='ltr'><strong>boc</strong></span> <span class='ocrx_word' id='word_1_12' title='bbox 1030 609 1124 666; x_wconf 86' lang='lat' dir='ltr'><strong>certe</strong></span> <span class='ocrx_word' id='word_1_13' title='bbox 1141 618 1195 666; x_wconf 84' lang='lat' dir='ltr'><strong>ee-</strong></span> 
     </span>
     <span class='ocr_line' id='line_1_3' title="bbox 115 708 1190 806; baseline 0.002 -26"><span class='ocrx_word' id='word_1_14' title='bbox 115 708 194 780; x_wconf 76' lang='lat' dir='ltr'><strong>c&#39;um</strong></span> <span class='ocrx_word' id='word_1_15' title='bbox 209 708 370 791; x_wconf 79' lang='lat' dir='ltr'><strong>tulisset,</strong></span> <span class='ocrx_word' id='word_1_16' title='bbox 390 711 560 779; x_wconf 89' lang='lat' dir='ltr'><strong>neminem</strong></span> <span class='ocrx_word' id='word_1_17' title='bbox 578 733 739 780; x_wconf 78' lang='lat' dir='ltr'><strong>ausurum</strong></span> <span class='ocrx_word' id='word_1_18' title='bbox 753 735 870 782; x_wconf 88' lang='lat' dir='ltr'><strong>coram</strong></span> <span class='ocrx_word' id='word_1_19' title='bbox 890 713 1018 782; x_wconf 83' lang='lat' dir='ltr'><strong>Catone</strong></span> <span class='ocrx_word' id='word_1_20' title='bbox 1032 735 1190 806; x_wconf 86' lang='lat' dir='ltr'><strong>peccare.</strong></span> 
     </span>
     <span class='ocr_line' id='line_1_4' title="bbox 115 823 1190 920; baseline 0.002 -26"><span class='ocrx_word' id='word_1_21' title='bbox 115 829 402 899; x_wconf 73' lang='lat' dir='ltr'><strong>Nummorum</strong></span> <span class='ocrx_word' id='word_1_22' title='bbox 417 823 563 918; x_wconf 86' lang='lat' dir='ltr'><strong>adjectio</strong></span> <span class='ocrx_word' id='word_1_23' title='bbox 581 825 865 920; x_wconf 71' lang='lat' dir='ltr'><strong>paucissimorum</strong></span> <span class='ocrx_word' id='word_1_24' title='bbox 886 830 998 897; x_wconf 87' lang='lat' dir='ltr'><strong>virum</strong></span> <span class='ocrx_word' id='word_1_25' title='bbox 1012 827 1164 896; x_wconf 70' lang='lat' dir='ltr'>libertati</span> <span class='ocrx_word' id='word_1_26' title='bbox 1180 879 1190 911; x_wconf 94' lang='lat'><strong>,</strong></span> 
     </span>
     <span class='ocr_line' id='line_1_5' title="bbox 119 939 1194 1038; baseline 0.004 -30"><span class='ocrx_word' id='word_1_27' title='bbox 119 962 188 1009; x_wconf 91' lang='lat' dir='ltr'><strong>nou</strong></span> <span class='ocrx_word' id='word_1_28' title='bbox 200 963 273 1010; x_wconf 77' lang='lat' dir='ltr'><strong>sum</strong></span> <span class='ocrx_word' id='word_1_29' title='bbox 288 956 432 1022; x_wconf 84' lang='lat' dir='ltr'><strong>tantum,</strong></span> <span class='ocrx_word' id='word_1_30' title='bbox 447 939 507 1010; x_wconf 83' lang='lat' dir='ltr'><strong>sed</strong></span> <span class='ocrx_word' id='word_1_31' title='bbox 517 940 664 1034; x_wconf 81' lang='lat' dir='ltr'><strong>publicae</strong></span> <span class='ocrx_word' id='word_1_32' title='bbox 677 951 794 1011; x_wconf 81' lang='lat' dir='ltr'><strong>natum</strong></span> <span class='ocrx_word' id='word_1_33' title='bbox 809 945 941 1038; x_wconf 80' lang='lat' dir='ltr'><strong>coegit,</strong></span> <span class='ocrx_word' id='word_1_34' title='bbox 958 947 1127 1014; x_wconf 67' lang='lat' dir='ltr'><strong>Caesarem</strong></span> <span class='ocrx_word' id='word_1_35' title='bbox 1141 944 1194 1012; x_wconf 86' lang='lat' dir='ltr'><strong>fu-</strong></span> 
     </span>
     <span class='ocr_line' id='line_1_6' title="bbox 119 1055 1194 1152; baseline 0.002 -28"><span class='ocrx_word' id='word_1_36' title='bbox 119 1077 220 1150; x_wconf 76' lang='lat' dir='ltr'><strong>gere,</strong></span> <span class='ocrx_word' id='word_1_37' title='bbox 236 1055 436 1147; x_wconf 87' lang='lat' dir='ltr'><strong>Pompeium</strong></span> <span class='ocrx_word' id='word_1_38' title='bbox 448 1056 546 1148; x_wconf 79' lang='lat' dir='ltr'><strong>aequi</strong></span> <span class='ocrx_word' id='word_1_39' title='bbox 560 1059 588 1122; x_wconf 84' lang='grc'><strong>’.·</strong></span> <span class='ocrx_word' id='word_1_40' title='bbox 605 1056 701 1125; x_wconf 85' lang='lat' dir='ltr'><strong>Nihil</strong></span> <span class='ocrx_word' id='word_1_41' title='bbox 712 1077 797 1152; x_wconf 79' lang='lat' dir='ltr'><strong>ergo</strong></span> <span class='ocrx_word' id='word_1_42' title='bbox 811 1058 891 1126; x_wconf 87' lang='lat' dir='ltr'><strong>mali</strong></span> <span class='ocrx_word' id='word_1_43' title='bbox 905 1058 1084 1127; x_wconf 80' lang='lat' dir='ltr'><strong>immatura</strong></span> <span class='ocrx_word' id='word_1_44' title='bbox 1103 1081 1194 1126; x_wconf 75' lang='lat' dir='ltr'><strong>mors</strong></span> 
     </span>
     <span class='ocr_line' id='line_1_7' title="bbox 117 1167 1233 1264; baseline 0.001 -26"><span class='ocrx_word' id='word_1_45' title='bbox 117 1168 233 1238; x_wconf 82' lang='lat' dir='ltr'><strong>attulit</strong></span> <span class='ocrx_word' id='word_1_46' title='bbox 249 1167 302 1236; x_wconf 93' lang='lat' dir='ltr'><strong>illi</strong></span> <span class='ocrx_word' id='word_1_47' title='bbox 316 1173 346 1252; x_wconf 76' lang='lat'><strong>⁸,</strong></span> <span class='ocrx_word' id='word_1_48' title='bbox 368 1168 519 1237; x_wconf 91' lang='lat' dir='ltr'><strong>omnium</strong></span> <span class='ocrx_word' id='word_1_49' title='bbox 537 1169 639 1237; x_wconf 88' lang='lat' dir='ltr'><strong>etium</strong></span> <span class='ocrx_word' id='word_1_50' title='bbox 656 1171 966 1240; x_wconf 71' lang='lat' dir='ltr'><strong>malorum-remisit</strong></span> <span class='ocrx_word' id='word_1_51' title='bbox 978 1171 1189 1264; x_wconf 81' lang='lat' dir='ltr'><strong>patientiam.</strong></span> <span class='ocrx_word' id='word_1_52' title='bbox 1217 1178 1233 1231; x_wconf 84' lang='lat'>8</span> 
     </span>
     <span class='ocr_line' id='line_1_8' title="bbox 122 1283 1190 1378; baseline 0.004 -30"><span class='ocrx_word' id='word_1_53' title='bbox 122 1283 274 1352; x_wconf 78' lang='lat' dir='ltr'><strong>«Nimis</strong></span> <span class='ocrx_word' id='word_1_54' title='bbox 295 1289 414 1351; x_wconf 86' lang='lat' dir='ltr'><strong>&#39;tumen</strong></span> <span class='ocrx_word' id='word_1_55' title='bbox 441 1284 508 1352; x_wconf 86' lang='lat' dir='ltr'><strong>cito</strong></span> <span class='ocrx_word' id='word_1_56' title='bbox 531 1285 656 1378; x_wconf 88' lang='lat' dir='ltr'><strong>periit,</strong></span> <span class='ocrx_word' id='word_1_57' title='bbox 679 1287 976 1356; x_wconf 71' lang='lat' dir='ltr'><strong>etimmaturua.»</strong></span> <span class='ocrx_word' id='word_1_58' title='bbox 1014 1287 1190 1368; x_wconf 78' lang='lat' dir='ltr'><strong>Primum,</strong></span> 
     </span>
     <span class='ocr_line' id='line_1_9' title="bbox 117 1399 1193 1497; baseline 0.001 -28"><span class='ocrx_word' id='word_1_59' title='bbox 117 1415 202 1494; x_wconf 78' lang='lat' dir='ltr'><strong>puta</strong></span> <span class='ocrx_word' id='word_1_60' title='bbox 214 1399 315 1468; x_wconf 87' lang='lat' dir='ltr'><strong>illum</strong></span> <span class='ocrx_word' id='word_1_61' title='bbox 325 1399 554 1494; x_wconf 79' lang='lat' dir='ltr'><strong>superfuisse3</strong></span> <span class='ocrx_word' id='word_1_62' title='bbox 569 1401 821 1496; x_wconf 82' lang='lat' dir='ltr'><strong>comprehende</strong></span> <span class='ocrx_word' id='word_1_63' title='bbox 834 1419 997 1497; x_wconf 81' lang='lat' dir='ltr'><strong>quantum</strong></span> <span class='ocrx_word' id='word_1_64' title='bbox 1009 1403 1193 1496; x_wconf 89' lang='lat' dir='ltr'><strong>plurimum</strong></span> 
     </span>
     <span class='ocr_line' id='line_1_10' title="bbox 117 1511 1193 1612; baseline -0.003 -24"><span class='ocrx_word' id='word_1_65' title='bbox 117 1516 311 1612; x_wconf 82' lang='lat' dir='ltr'><strong>procedere</strong></span> <span class='ocrx_word' id='word_1_66' title='bbox 322 1518 451 1588; x_wconf 86' lang='lat' dir='ltr'><strong>bomini</strong></span> <span class='ocrx_word' id='word_1_67' title='bbox 463 1511 544 1586; x_wconf 90' lang='lat' dir='ltr'><strong>licet</strong></span> <span class='ocrx_word' id='word_1_68' title='bbox 561 1545 571 1604; x_wconf 70' lang='grc' dir='ltr'><strong>ς</strong></span> <span class='ocrx_word' id='word_1_69' title='bbox 584 1519 786 1610; x_wconf 89' lang='lat' dir='ltr'><strong>quantulum</strong></span> <span class='ocrx_word' id='word_1_70' title='bbox 796 1535 848 1587; x_wconf 83' lang='lat' dir='ltr'><strong>eet</strong></span> <span class='ocrx_word' id='word_1_71' title='bbox 861 1522 875 1587; x_wconf 81' lang='lat' dir='ltr'><strong>P</strong></span> <span class='ocrx_word' id='word_1_72' title='bbox 888 1518 942 1588; x_wconf 83' lang='lat' dir='ltr'><strong>Ad</strong></span> <span class='ocrx_word' id='word_1_73' title='bbox 953 1517 1193 1587; x_wconf 75' lang='lat' dir='ltr'><strong>brevissimum</strong></span> 
     </span>
     <span class='ocr_line' id='line_1_11' title="bbox 119 1634 1192 1729; baseline -0.002 -25"><span class='ocrx_word' id='word_1_74' title='bbox 119 1635 256 1729; x_wconf 81' lang='lat' dir='ltr'><strong>tempus</strong></span> <span class='ocrx_word' id='word_1_75' title='bbox 268 1634 353 1704; x_wconf 79' lang='lat' dir='ltr'><strong>editi</strong></span> <span class='ocrx_word' id='word_1_76' title='bbox 366 1683 375 1717; x_wconf 94' lang='lat'><strong>,</strong></span> <span class='ocrx_word' id='word_1_77' title='bbox 395 1635 462 1702; x_wconf 91' lang='lat' dir='ltr'><strong>cito</strong></span> <span class='ocrx_word' id='word_1_78' title='bbox 477 1636 604 1704; x_wconf 67' lang='lat' dir='ltr'><strong>ceaaur‘i</strong></span> <span class='ocrx_word' id='word_1_79' title='bbox 623 1635 718 1718; x_wconf 92' lang='lat' dir='ltr'><strong>loco,</strong></span> <span class='ocrx_word' id='word_1_80' title='bbox 734 1637 886 1706; x_wconf 86' lang='lat' dir='ltr'><strong>venienti</strong></span> <span class='ocrx_word' id='word_1_81' title='bbox 905 1637 942 1703; x_wconf 93' lang='lat' dir='ltr'><strong>in</strong></span> <span class='ocrx_word' id='word_1_82' title='bbox 955 1649 1092 1729; x_wconf 87' lang='lat' dir='ltr'><strong>pactum</strong></span> <span class='ocrx_word' id='word_1_83' title='bbox 1104 1634 1192 1718; x_wconf 90' lang='lat' dir='ltr'><strong>boc,</strong></span> 
     </span>
     <span class='ocr_line' id='line_1_12' title="bbox 118 1743 1193 1846; baseline -0.004 -26"><span class='ocrx_word' id='word_1_84' title='bbox 118 1751 349 1846; x_wconf 76' lang='lat' dir='ltr'><strong>prospicimua</strong></span> <span class='ocrx_word' id='word_1_85' title='bbox 378 1749 563 1845; x_wconf 81' lang='lat' dir='ltr'><strong>hospitium</strong></span> <span class='ocrx_word' id='word_1_86' title='bbox 576 1743 605 1819; x_wconf 77' lang='lat'><strong>³.</strong></span> <span class='ocrx_word' id='word_1_87' title='bbox 637 1753 690 1819; x_wconf 90' lang='lat' dir='ltr'><strong>De</strong></span> <span class='ocrx_word' id='word_1_88' title='bbox 714 1753 840 1820; x_wconf 84' lang='lat' dir='ltr'><strong>noetrie</strong></span> <span class='ocrx_word' id='word_1_89' title='bbox 867 1751 1026 1822; x_wconf 44' lang='lat' dir='ltr'><strong>aetatibus*</strong></span> <span class='ocrx_word' id='word_1_90' title='bbox 1047 1749 1193 1841; x_wconf 91' lang='lat' dir='ltr'><strong>loquor,</strong></span> 
     </span>
     <span class='ocr_line' id='line_1_13' title="bbox 123 1857 1199 1958; baseline -0.002 -24"><span class='ocrx_word' id='word_1_91' title='bbox 123 1889 209 1958; x_wconf 84' lang='lat' dir='ltr'><strong>quas</strong></span> <span class='ocrx_word' id='word_1_92' title='bbox 223 1863 423 1935; x_wconf 82' lang='lat' dir='ltr'><strong>incredibili</strong></span> <span class='ocrx_word' id='word_1_93' title='bbox 439 1865 615 1934; x_wconf 83' lang='lat' dir='ltr'><strong>celeritate</strong></span> <span class='ocrx_word' id='word_1_94' title='bbox 627 1865 782 1935; x_wconf 86' lang='lat' dir='ltr'><strong>convolvi</strong></span> <span class='ocrx_word' id='word_1_95' title='bbox 795 1857 948 1952; x_wconf 68' lang='lat' dir='ltr'><strong>cunctat,</strong></span> <span class='ocrx_word' id='word_1_96' title='bbox 969 1878 1126 1958; x_wconf 86' lang='lat' dir='ltr'><strong>computu</strong></span> <span class='ocrx_word' id='word_1_97' title='bbox 1139 1887 1199 1932; x_wconf 64' lang='lat' dir='ltr'><strong>ur«</strong></span> 
     </span>
     <span class='ocr_line' id='line_1_14' title="bbox 121 1982 1197 2075; baseline -0.002 -23"><span class='ocrx_word' id='word_1_98' title='bbox 121 1985 218 2053; x_wconf 92' lang='lat' dir='ltr'><strong>bium</strong></span> <span class='ocrx_word' id='word_1_99' title='bbox 232 1984 349 2054; x_wconf 84' lang='lat' dir='ltr'><strong>secula</strong></span> <span class='ocrx_word' id='word_1_100' title='bbox 361 2011 371 2070; x_wconf 79' lang='lat'><em>3</em></span> <span class='ocrx_word' id='word_1_101' title='bbox 387 1982 519 2052; x_wconf 80' lang='lat' dir='ltr'><strong>videbis</strong></span> <span class='ocrx_word' id='word_1_102' title='bbox 533 2007 636 2075; x_wconf 84' lang='lat' dir='ltr'><strong>quem</strong></span> <span class='ocrx_word' id='word_1_103' title='bbox 652 2007 722 2052; x_wconf 91' lang='lat' dir='ltr'><strong>non</strong></span> <span class='ocrx_word' id='word_1_104' title='bbox 736 1982 796 2053; x_wconf 94' lang='lat' dir='ltr'><strong>diu</strong></span> <span class='ocrx_word' id='word_1_105' title='bbox 811 1986 985 2066; x_wconf 76' lang='lat' dir='ltr'><strong>steterint,</strong></span> <span class='ocrx_word' id='word_1_106' title='bbox 1006 1984 1197 2075; x_wconf 74' lang='lat' dir='ltr'><strong>etiamque.</strong></span> 
     </span>
     <span class='ocr_line' id='line_1_15' title="bbox 121 2099 1240 2195; baseline -0.006 -22"><span class='ocrx_word' id='word_1_107' title='bbox 121 2117 291 2174; x_wconf 79' lang='lat' dir='ltr'><strong>vetustate</strong></span> <span class='ocrx_word' id='word_1_108' title='bbox 303 2099 916 2195; x_wconf 80' lang='lat' dir='ltr'><strong>gloriantur.0mniabumanabrevia</strong></span> <span class='ocrx_word' id='word_1_109' title='bbox 929 2101 1194 2182; x_wconf 82' lang='lat' dir='ltr'><strong>etcaducasunt,</strong></span> <span class='ocrx_word' id='word_1_110' title='bbox 1223 2137 1240 2190; x_wconf 80' lang='lat'><strong>9</strong></span> 
     </span>
     <span class='ocr_line' id='line_1_16' title="bbox 122 2199 1198 2310; baseline -0.005 -23"><span class='ocrx_word' id='word_1_111' title='bbox 122 2217 252 2287; x_wconf 73' lang='lat' dir='ltr'><strong>inlinisi</strong></span> <span class='ocrx_word' id='word_1_112' title='bbox 265 2199 428 2310; x_wconf 82' lang='lat' dir='ltr'><strong>temporis</strong></span> <span class='ocrx_word' id='word_1_113' title='bbox 438 2215 565 2284; x_wconf 88' lang='lat' dir='ltr'><strong>nullam</strong></span> <span class='ocrx_word' id='word_1_114' title='bbox 576 2231 708 2308; x_wconf 88' lang='lat' dir='ltr'><strong>partem</strong></span> <span class='ocrx_word' id='word_1_115' title='bbox 722 2217 934 2309; x_wconf 82' lang='lat' dir='ltr'><strong>occupantia.</strong></span> <span class='ocrx_word' id='word_1_116' title='bbox 947 2215 1093 2284; x_wconf 85' lang='lat' dir='ltr'><strong>Terram</strong></span> <span class='ocrx_word' id='word_1_117' title='bbox 1107 2214 1198 2284; x_wconf 88' lang='lat' dir='ltr'><strong>hanc</strong></span> 
     </span>
     <span class='ocr_line' id='line_1_17' title="bbox 122 2332 1196 2429; baseline -0.007 -24"><span class='ocrx_word' id='word_1_118' title='bbox 122 2361 203 2406; x_wconf 93' lang='lat' dir='ltr'><strong>cum</strong></span> <span class='ocrx_word' id='word_1_119' title='bbox 220 2335 378 2429; x_wconf 84' lang='lat' dir='ltr'><strong>populis,</strong></span> <span class='ocrx_word' id='word_1_120' title='bbox 398 2333 632 2424; x_wconf 72' lang='lat' dir='ltr'><strong>urbibusque,</strong></span> <span class='ocrx_word' id='word_1_121' title='bbox 650 2347 684 2400; x_wconf 91' lang='lat' dir='ltr'><strong>et</strong></span> <span class='ocrx_word' id='word_1_122' title='bbox 697 2332 913 2415; x_wconf 81' lang='lat' dir='ltr'><strong>fluminibus,</strong></span> <span class='ocrx_word' id='word_1_123' title='bbox 930 2349 965 2399; x_wconf 91' lang='lat' dir='ltr'><strong>et</strong></span> <span class='ocrx_word' id='word_1_124' title='bbox 978 2332 1109 2400; x_wconf 89' lang='lat' dir='ltr'><strong>ambitu</strong></span> <span class='ocrx_word' id='word_1_125' title='bbox 1123 2355 1196 2399; x_wconf 88' lang='lat' dir='ltr'><strong>ma-</strong></span> 
     </span>
    </p>
   </div>
   <div class='ocr_carea' id='block_1_3' title="bbox 122 2446 1225 3000">
    <p class='ocr_par' dir='ltr' id='par_1_3' title="bbox 122 2446 1225 3000">
     <span class='ocr_line' id='line_1_18' title="bbox 122 2446 1198 2544; baseline -0.007 -24"><span class='ocrx_word' id='word_1_126' title='bbox 122 2453 196 2534; x_wconf 80' lang='lat' dir='ltr'><strong>ris,</strong></span> <span class='ocrx_word' id='word_1_127' title='bbox 215 2450 336 2544; x_wconf 90' lang='lat' dir='ltr'><strong>puncti</strong></span> <span class='ocrx_word' id='word_1_128' title='bbox 357 2449 431 2518; x_wconf 86' lang='lat' dir='ltr'><strong>loco</strong></span> <span class='ocrx_word' id='word_1_129' title='bbox 447 2448 626 2541; x_wconf 78' lang='lat' dir='ltr'><strong>ponimus,</strong></span> <span class='ocrx_word' id='word_1_130' title='bbox 649 2446 693 2516; x_wconf 89' lang='lat' dir='ltr'><strong>ad</strong></span> <span class='ocrx_word' id='word_1_131' title='bbox 712 2449 872 2517; x_wconf 83' lang='lat' dir='ltr'><strong>univerae</strong></span> <span class='ocrx_word' id='word_1_132' title='bbox 890 2447 1081 2522; x_wconf 79' lang='lat' dir='ltr'><strong>referentes</strong></span> <span class='ocrx_word' id='word_1_133' title='bbox 1104 2473 1111 2512; x_wconf 77' lang='grc' dir='ltr'><strong>ι</strong></span> <span class='ocrx_word' id='word_1_134' title='bbox 1132 2446 1198 2514; x_wconf 94' lang='lat' dir='ltr'><strong>mi·</strong></span> 
     </span>
     <span class='ocr_line' id='line_1_19' title="bbox 124 2559 1199 2660; baseline -0.007 -24"><span class='ocrx_word' id='word_1_135' title='bbox 124 2591 245 2636; x_wconf 90' lang='lat' dir='ltr'><strong>norem</strong></span> <span class='ocrx_word' id='word_1_136' title='bbox 267 2565 460 2660; x_wconf 78' lang='lat' dir='ltr'><strong>portionem</strong></span> <span class='ocrx_word' id='word_1_137' title='bbox 490 2577 570 2631; x_wconf 82' lang='lat' dir='ltr'><strong>aetae</strong></span> <span class='ocrx_word' id='word_1_138' title='bbox 597 2578 713 2630; x_wconf 79' lang='lat' dir='ltr'><strong>nostra</strong></span> <span class='ocrx_word' id='word_1_139' title='bbox 742 2575 842 2654; x_wconf 83' lang='lat' dir='ltr'><strong>quam</strong></span> <span class='ocrx_word' id='word_1_140' title='bbox 860 2559 989 2655; x_wconf 75' lang='lat' dir='ltr'><strong>&#39;puncti</strong></span> <span class='ocrx_word' id='word_1_141' title='bbox 1016 2561 1142 2644; x_wconf 87' lang='lat' dir='ltr'><strong>hahet,</strong></span> <span class='ocrx_word' id='word_1_142' title='bbox 1171 2563 1199 2629; x_wconf 82' lang='lat' dir='ltr'><strong>ei</strong></span> 
     </span>
     <span class='ocr_line' id='line_1_20' title="bbox 124 2663 1225 2776; baseline -0.009 -24"><span class='ocrx_word' id='word_1_143' title='bbox 124 2681 275 2776; x_wconf 85' lang='lat' dir='ltr'><strong>tempori</strong></span> <span class='ocrx_word' id='word_1_144' title='bbox 298 2693 514 2772; x_wconf 85' lang='lat' dir='ltr'><strong>comparetur</strong></span> <span class='ocrx_word' id='word_1_145' title='bbox 539 2677 631 2746; x_wconf 91' lang='lat' dir='ltr'><strong>omni</strong></span> <span class='ocrx_word' id='word_1_146' title='bbox 648 2670 661 2719; x_wconf 77' lang='lat'><em>⁴</em></span> <span class='ocrx_word' id='word_1_147' title='bbox 680 2705 690 2762; x_wconf 78' lang='lat'>3</span> <span class='ocrx_word' id='word_1_148' title='bbox 711 2675 809 2768; x_wconf 79' lang='lat' dir='ltr'><strong>cujus</strong></span> <span class='ocrx_word' id='word_1_149' title='bbox 831 2675 939 2768; x_wconf 83' lang='lat' dir='ltr'><strong>major</strong></span> <span class='ocrx_word' id='word_1_150' title='bbox 966 2690 1018 2743; x_wconf 82' lang='lat' dir='ltr'><strong>eat</strong></span> <span class='ocrx_word' id='word_1_151' title='bbox 1042 2663 1225 2744; x_wconf 77' lang='lat' dir='ltr'><strong>mensura</strong></span> 
     </span>
     <span class='ocr_line' id='line_1_21' title="bbox 124 2789 1200 2890; baseline -0.007 -26"><span class='ocrx_word' id='word_1_152' title='bbox 124 2820 231 2890; x_wconf 78' lang='lat' dir='ltr'><strong>quam</strong></span> <span class='ocrx_word' id='word_1_153' title='bbox 257 2792 376 2863; x_wconf 91' lang='lat' dir='ltr'><strong>mundi</strong></span> <span class='ocrx_word' id='word_1_154' title='bbox 394 2819 402 2860; x_wconf 76' lang='grc' dir='ltr'><strong>ε</strong></span> <span class='ocrx_word' id='word_1_155' title='bbox 422 2807 539 2890; x_wconf 88' lang='lat' dir='ltr'><strong>utpote</strong></span> <span class='ocrx_word' id='word_1_156' title='bbox 559 2813 665 2886; x_wconf 89' lang='lat' dir='ltr'><strong>quum</strong></span> <span class='ocrx_word' id='word_1_157' title='bbox 683 2790 743 2858; x_wconf 90' lang='lat' dir='ltr'><strong>ille</strong></span> <span class='ocrx_word' id='word_1_158' title='bbox 767 2815 803 2858; x_wconf 80' lang='lat' dir='ltr'><strong>ae</strong></span> <span class='ocrx_word' id='word_1_159' title='bbox 827 2791 916 2858; x_wconf 87' lang='lat' dir='ltr'><strong>intra</strong></span> <span class='ocrx_word' id='word_1_160' title='bbox 934 2790 1038 2883; x_wconf 82' lang='lat' dir='ltr'><strong>bujua</strong></span> <span class='ocrx_word' id='word_1_161' title='bbox 1055 2789 1200 2884; x_wconf 77' lang='lat' dir='ltr'><strong>epatium</strong></span> 
     </span>
     <span class='ocr_line' id='line_1_22' title="bbox 124 2901 1201 3000; baseline -0.004 -20"><span class='ocrx_word' id='word_1_162' title='bbox 124 2913 226 2980; x_wconf 81' lang='lat' dir='ltr'><strong>toties</strong></span> <span class='ocrx_word' id='word_1_163' title='bbox 244 2910 445 2979; x_wconf 87' lang='lat' dir='ltr'><strong>remetiatur</strong></span> <span class='ocrx_word' id='word_1_164' title='bbox 459 2901 485 2976; x_wconf 85' lang='lat'><strong>⁵.</strong></span> <span class='ocrx_word' id='word_1_165' title='bbox 508 2905 606 3000; x_wconf 89' lang='lat' dir='ltr'><strong>Quid</strong></span> <span class='ocrx_word' id='word_1_166' title='bbox 618 2929 701 2999; x_wconf 79' lang='lat' dir='ltr'><strong>ergo</strong></span> <span class='ocrx_word' id='word_1_167' title='bbox 715 2907 859 2978; x_wconf 85' lang='lat' dir='ltr'><strong>interest</strong></span> <span class='ocrx_word' id='word_1_168' title='bbox 875 2907 912 2976; x_wconf 93' lang='lat' dir='ltr'><strong>id</strong></span> <span class='ocrx_word' id='word_1_169' title='bbox 928 2906 1127 2990; x_wconf 78' lang='lat' dir='ltr'><strong>extendere,</strong></span> <span class='ocrx_word' id='word_1_170' title='bbox 1141 2931 1201 2976; x_wconf 89' lang='lat' dir='ltr'><strong>cu·</strong></span> 
     </span>
    </p>
   </div>
   <div class='ocr_carea' id='block_1_4' title="bbox 124 3115 1205 4274">
    <p class='ocr_par' dir='ltr' id='par_1_4' title="bbox 124 3115 1205 4274">
     <span class='ocr_line' id='line_1_23' title="bbox 124 3115 1202 3196; baseline -0.006 -20"><span class='ocrx_word' id='word_1_171' title='bbox 124 3121 154 3176; x_wconf 86' lang='lat' dir='ltr'><strong>in</strong></span> <span class='ocrx_word' id='word_1_172' title='bbox 178 3121 293 3196; x_wconf 75' lang='lat' dir='ltr'><strong>Cyprum</strong></span> <span class='ocrx_word' id='word_1_173' title='bbox 314 3120 405 3174; x_wconf 81' lang='lat' dir='ltr'><strong>missus</strong></span> <span class='ocrx_word' id='word_1_174' title='bbox 428 3135 472 3172; x_wconf 83' lang='lat' dir='ltr'><strong>est.</strong></span> <span class='ocrx_word' id='word_1_175' title='bbox 497 3117 550 3172; x_wconf 86' lang='lat' dir='ltr'><strong>Dio</strong></span> <span class='ocrx_word' id='word_1_176' title='bbox 570 3117 640 3170; x_wconf 76' lang='lat' dir='ltr'><strong>cau.</strong></span> <span class='ocrx_word' id='word_1_177' title='bbox 722 3115 746 3168; x_wconf 80' lang='lat'><strong>³.</strong></span> <span class='ocrx_word' id='word_1_178' title='bbox 758 3119 807 3170; x_wconf 70' lang='lat' dir='ltr'><strong>Aa</strong></span> <span class='ocrx_word' id='word_1_179' title='bbox 816 3116 999 3171; x_wconf 77' lang='lat' dir='ltr'><strong>brevissimum</strong></span> <span class='ocrx_word' id='word_1_180' title='bbox 1010 3125 1109 3186; x_wconf 69' lang='lat' dir='ltr'><strong>tempus</strong></span> <span class='ocrx_word' id='word_1_181' title='bbox 1117 3119 1182 3170; x_wconf 81' lang='lat' dir='ltr'><strong>editi</strong></span> <span class='ocrx_word' id='word_1_182' title='bbox 1194 3155 1202 3181; x_wconf 93' lang='lat'><strong>,</strong></span> 
     </span>
     <span class='ocr_line' id='line_1_24' title="bbox 125 3193 1201 3270; baseline -0.008 -15"><span class='ocrx_word' id='word_1_183' title='bbox 125 3199 286 3270; x_wconf 69' lang='lat' dir='ltr'><strong>xnxwll,</strong></span> <span class='ocrx_word' id='word_1_184' title='bbox 300 3197 351 3264; x_wconf 78' lang='lat'><strong>30&#39;3</strong></span> <span class='ocrx_word' id='word_1_185' title='bbox 363 3197 397 3252; x_wconf 81' lang='lat' dir='ltr'><strong>sd</strong></span> <span class='ocrx_word' id='word_1_186' title='bbox 411 3217 472 3251; x_wconf 83' lang='lat' dir='ltr'><strong>sun.</strong></span> <span class='ocrx_word' id='word_1_187' title='bbox 482 3195 514 3249; x_wconf 88' lang='lat' dir='ltr'><strong>U.</strong></span> <span class='ocrx_word' id='word_1_188' title='bbox 528 3195 559 3250; x_wconf 84' lang='lat' dir='ltr'><strong>C.</strong></span> <span class='ocrx_word' id='word_1_189' title='bbox 570 3193 639 3267; x_wconf 75' lang='lat'><strong>693:</strong></span> <span class='ocrx_word' id='word_1_190' title='bbox 689 3198 738 3249; x_wconf 78' lang='lat' dir='ltr'><strong>cito</strong></span> <span class='ocrx_word' id='word_1_191' title='bbox 746 3197 844 3249; x_wconf 83' lang='lat' dir='ltr'><strong>cessuri</strong></span> <span class='ocrx_word' id='word_1_192' title='bbox 854 3199 909 3249; x_wconf 85' lang='lat' dir='ltr'><strong>Ioco</strong></span> <span class='ocrx_word' id='word_1_193' title='bbox 924 3197 1037 3248; x_wconf 78' lang='lat' dir='ltr'><strong>venienti</strong></span> <span class='ocrx_word' id='word_1_194' title='bbox 1050 3197 1079 3246; x_wconf 84' lang='lat' dir='ltr'><strong>in</strong></span> <span class='ocrx_word' id='word_1_195' title='bbox 1090 3205 1201 3264; x_wconf 82' lang='lat' dir='ltr'><strong>pactum</strong></span> 
     </span>
     <span class='ocr_line' id='line_1_25' title="bbox 126 3269 1201 3342; baseline -0.01 -8"><span class='ocrx_word' id='word_1_196' title='bbox 126 3281 197 3336; x_wconf 78' lang='lat' dir='ltr'><strong>coni.</strong></span> <span class='ocrx_word' id='word_1_197' title='bbox 207 3277 338 3342; x_wconf 75' lang='lat' dir='ltr'><strong>xxm,</strong></span> <span class='ocrx_word' id='word_1_198' title='bbox 353 3296 393 3329; x_wconf 77' lang='lat' dir='ltr'><strong>sc.</strong></span> <span class='ocrx_word' id='word_1_199' title='bbox 689 3269 736 3322; x_wconf 77' lang='lat' dir='ltr'><strong>doc</strong></span> <span class='ocrx_word' id='word_1_200' title='bbox 755 3275 929 3340; x_wconf 80' lang='lat' dir='ltr'><strong>prospicimus</strong></span> <span class='ocrx_word' id='word_1_201' title='bbox 947 3271 1098 3340; x_wconf 76' lang='lat' dir='ltr'><strong>hospitium.</strong></span> <span class='ocrx_word' id='word_1_202' title='bbox 1119 3269 1201 3323; x_wconf 80' lang='lat' dir='ltr'><strong>Locus</strong></span> 
     </span>
     <span class='ocr_line' id='line_1_26' title="bbox 162 3347 1202 3426; baseline -0.008 -17"><span class='ocrx_word' id='word_1_203' title='bbox 162 3376 185 3410; x_wconf 86' lang='lat' dir='ltr'><strong>r.</strong></span> <span class='ocrx_word' id='word_1_204' title='bbox 206 3355 367 3424; x_wconf 82' lang='lat' dir='ltr'><strong>Pompeium</strong></span> <span class='ocrx_word' id='word_1_205' title='bbox 386 3355 466 3423; x_wconf 77' lang='lat' dir='ltr'><strong>sequi.</strong></span> <span class='ocrx_word' id='word_1_206' title='bbox 488 3351 641 3426; x_wconf 79' lang='lat' dir='ltr'><strong>Pompeium</strong></span> <span class='ocrx_word' id='word_1_207' title='bbox 690 3349 759 3402; x_wconf 76' lang='lat' dir='ltr'><strong>vario</strong></span> <span class='ocrx_word' id='word_1_208' title='bbox 777 3361 886 3402; x_wconf 70' lang='lat' dir='ltr'><strong>tentatae</strong></span> <span class='ocrx_word' id='word_1_209' title='bbox 897 3362 951 3402; x_wconf 68' lang='lat' dir='ltr'><strong>ests</strong></span> <span class='ocrx_word' id='word_1_210' title='bbox 962 3348 1008 3402; x_wconf 84' lang='lat' dir='ltr'><strong>sed</strong></span> <span class='ocrx_word' id='word_1_211' title='bbox 1019 3347 1148 3421; x_wconf 75' lang='lat' dir='ltr'><strong>vulgatam</strong></span> <span class='ocrx_word' id='word_1_212' title='bbox 1166 3359 1202 3401; x_wconf 88' lang='lat' dir='ltr'><strong>te·</strong></span> 
     </span>
     <span class='ocr_line' id='line_1_27' title="bbox 127 3425 1202 3499; baseline -0.009 -11"><span class='ocrx_word' id='word_1_213' title='bbox 127 3436 194 3490; x_wconf 79' lang='lat' dir='ltr'><strong>Cato</strong></span> <span class='ocrx_word' id='word_1_214' title='bbox 200 3445 300 3487; x_wconf 81' lang='lat' dir='ltr'><strong>secutus</strong></span> <span class='ocrx_word' id='word_1_215' title='bbox 307 3443 417 3499; x_wconf 77' lang='lat' dir='ltr'><strong>est‚non</strong></span> <span class='ocrx_word' id='word_1_216' title='bbox 428 3428 533 3498; x_wconf 85' lang='lat' dir='ltr'><strong>quidem</strong></span> <span class='ocrx_word' id='word_1_217' title='bbox 541 3447 570 3479; x_wconf 86' lang='lat' dir='ltr'><strong>eo</strong></span> <span class='ocrx_word' id='word_1_218' title='bbox 579 3446 642 3479; x_wconf 86' lang='lat' dir='ltr'><strong>eon·</strong></span> <span class='ocrx_word' id='word_1_219' title='bbox 690 3447 780 3492; x_wconf 76' lang='lat' dir='ltr'><strong>neam,</strong></span> <span class='ocrx_word' id='word_1_220' title='bbox 793 3426 855 3480; x_wconf 89' lang='lat' dir='ltr'><strong>dum</strong></span> <span class='ocrx_word' id='word_1_221' title='bbox 866 3427 973 3480; x_wconf 78' lang='lat' dir='ltr'><strong>meliora</strong></span> <span class='ocrx_word' id='word_1_222' title='bbox 982 3426 1111 3479; x_wconf 78' lang='lat' dir='ltr'><strong>edocesre</strong></span> <span class='ocrx_word' id='word_1_223' title='bbox 1127 3425 1202 3479; x_wconf 88' lang='lat' dir='ltr'><strong>codd.</strong></span> 
     </span>
     <span class='ocr_line' id='line_1_28' title="bbox 125 3502 1203 3582; baseline -0.009 -14"><span class='ocrx_word' id='word_1_224' title='bbox 125 3512 348 3568; x_wconf 83' lang='lat' dir='ltr'><strong>silioutvictorem</strong></span> <span class='ocrx_word' id='word_1_225' title='bbox 356 3508 510 3582; x_wconf 85' lang='lat' dir='ltr'><strong>Pompeium</strong></span> <span class='ocrx_word' id='word_1_226' title='bbox 519 3516 643 3580; x_wconf 75' lang='lat' dir='ltr'><strong>pateretur</strong></span> <span class='ocrx_word' id='word_1_227' title='bbox 691 3502 1203 3580; x_wconf 78' lang='lat' dir='ltr'><strong>Lipsiusiuterpr.Noscitosbimue‚sliis</strong></span> 
     </span>
     <span class='ocr_line' id='line_1_29' title="bbox 125 3580 1204 3664; baseline -0.007 -20"><span class='ocrx_word' id='word_1_228' title='bbox 125 3589 274 3664; x_wconf 74' lang='lat' dir='ltr'><strong>reipublicae</strong></span> <span class='ocrx_word' id='word_1_229' title='bbox 284 3587 394 3641; x_wconf 79' lang='lat' dir='ltr'><strong>libertati</strong></span> <span class='ocrx_word' id='word_1_230' title='bbox 403 3586 508 3640; x_wconf 77' lang='lat' dir='ltr'><strong>insidias</strong></span> <span class='ocrx_word' id='word_1_231' title='bbox 520 3585 642 3648; x_wconf 81' lang='lat' dir='ltr'><strong>tendere,</strong></span> <span class='ocrx_word' id='word_1_232' title='bbox 690 3580 761 3634; x_wconf 79' lang='lat' dir='ltr'><strong>velut</strong></span> <span class='ocrx_word' id='word_1_233' title='bbox 779 3580 946 3635; x_wconf 72' lang='lat' dir='ltr'><strong>diversorium</strong></span> <span class='ocrx_word' id='word_1_234' title='bbox 960 3581 1143 3655; x_wconf 75' lang='lat' dir='ltr'><strong>relinquimus,</strong></span> <span class='ocrx_word' id='word_1_235' title='bbox 1155 3601 1204 3658; x_wconf 85' lang='lat' dir='ltr'><strong>ps-</strong></span> 
     </span>
     <span class='ocr_line' id='line_1_30' title="bbox 126 3659 1074 3738; baseline -0.006 -19"><span class='ocrx_word' id='word_1_236' title='bbox 126 3667 174 3720; x_wconf 86' lang='lat' dir='ltr'><strong>sed</strong></span> <span class='ocrx_word' id='word_1_237' title='bbox 189 3666 252 3738; x_wconf 81' lang='lat' dir='ltr'><strong>quis</strong></span> <span class='ocrx_word' id='word_1_238' title='bbox 260 3665 289 3718; x_wconf 88' lang='lat' dir='ltr'><strong>in</strong></span> <span class='ocrx_word' id='word_1_239' title='bbox 299 3677 371 3718; x_wconf 74' lang='lat' dir='ltr'><strong>tauto</strong></span> <span class='ocrx_word' id='word_1_240' title='bbox 381 3682 468 3715; x_wconf 87' lang='lat' dir='ltr'><strong>rerum</strong></span> <span class='ocrx_word' id='word_1_241' title='bbox 479 3663 594 3715; x_wconf 88' lang='lat' dir='ltr'><strong>omnium</strong></span> <span class='ocrx_word' id='word_1_242' title='bbox 607 3672 644 3712; x_wconf 85' lang='lat' dir='ltr'><strong>tu·</strong></span> <span class='ocrx_word' id='word_1_243' title='bbox 692 3659 752 3711; x_wconf 89' lang='lat' dir='ltr'><strong>riter</strong></span> <span class='ocrx_word' id='word_1_244' title='bbox 760 3670 786 3711; x_wconf 81' lang='lat' dir='ltr'><strong>et</strong></span> <span class='ocrx_word' id='word_1_245' title='bbox 796 3660 884 3713; x_wconf 77' lang='lat' dir='ltr'><strong>eodem</strong></span> <span class='ocrx_word' id='word_1_246' title='bbox 895 3659 950 3733; x_wconf 81' lang='lat' dir='ltr'><strong>lege</strong></span> <span class='ocrx_word' id='word_1_247' title='bbox 962 3659 1074 3714; x_wconf 82' lang='lat' dir='ltr'><strong>abituris.</strong></span> 
     </span>
     <span class='ocr_line' id='line_1_31' title="bbox 128 3735 1203 3812; baseline -0.006 -14"><span class='ocrx_word' id='word_1_248' title='bbox 128 3742 213 3798; x_wconf 87' lang='lat' dir='ltr'><strong>multu</strong></span> <span class='ocrx_word' id='word_1_249' title='bbox 224 3743 310 3795; x_wconf 83' lang='lat' dir='ltr'><strong>minus</strong></span> <span class='ocrx_word' id='word_1_250' title='bbox 326 3741 429 3794; x_wconf 79' lang='lat' dir='ltr'><strong>scelesto</strong></span> <span class='ocrx_word' id='word_1_251' title='bbox 437 3740 509 3810; x_wconf 86' lang='lat' dir='ltr'><strong>sequi</strong></span> <span class='ocrx_word' id='word_1_252' title='bbox 519 3738 643 3812; x_wconf 83' lang='lat' dir='ltr'><strong>optimum</strong></span> <span class='ocrx_word' id='word_1_253' title='bbox 725 3735 748 3799; x_wconf 73' lang='grc'><strong>4.</strong></span> <span class='ocrx_word' id='word_1_254' title='bbox 757 3736 878 3806; x_wconf 84' lang='lat' dir='ltr'><strong>Tempon&#39;</strong></span> <span class='ocrx_word' id='word_1_255' title='bbox 887 3739 964 3790; x_wconf 84' lang='lat' dir='ltr'><strong>omni.</strong></span> <span class='ocrx_word' id='word_1_256' title='bbox 980 3738 1058 3807; x_wconf 82' lang='lat' dir='ltr'><strong>Quod</strong></span> <span class='ocrx_word' id='word_1_257' title='bbox 1069 3739 1203 3792; x_wconf 77' lang='lat' dir='ltr'><strong>oeternilas</strong></span> 
     </span>
     <span class='ocr_line' id='line_1_32' title="bbox 130 3815 1205 3889; baseline -0.007 -14"><span class='ocrx_word' id='word_1_258' title='bbox 130 3833 193 3875; x_wconf 81' lang='lat' dir='ltr'><strong>ent.</strong></span> <span class='ocrx_word' id='word_1_259' title='bbox 201 3821 265 3874; x_wconf 81' lang='lat' dir='ltr'><strong>lires</strong></span> <span class='ocrx_word' id='word_1_260' title='bbox 271 3820 354 3888; x_wconf 73' lang='lat' dir='ltr'><strong>itaque</strong></span> <span class='ocrx_word' id='word_1_261' title='bbox 361 3817 481 3871; x_wconf 76' lang='lat' dir='ltr'><strong>iterabat:</strong></span> <span class='ocrx_word' id='word_1_262' title='bbox 491 3817 554 3868; x_wconf 81' lang='lat' dir='ltr'><strong>«Me</strong></span> <span class='ocrx_word' id='word_1_263' title='bbox 564 3815 644 3868; x_wconf 85' lang='lat' dir='ltr'><strong>milito</strong></span> <span class='ocrx_word' id='word_1_264' title='bbox 692 3825 778 3888; x_wconf 80' lang='lat' dir='ltr'><strong>postes</strong></span> <span class='ocrx_word' id='word_1_265' title='bbox 789 3816 941 3889; x_wconf 76' lang='lat' dir='ltr'><strong>appellatum</strong></span> <span class='ocrx_word' id='word_1_266' title='bbox 952 3816 1009 3868; x_wconf 84' lang='lat' dir='ltr'><strong>suit.</strong></span> <span class='ocrx_word' id='word_1_267' title='bbox 1021 3815 1142 3868; x_wconf 85' lang='lat' dir='ltr'><strong>Nondum</strong></span> <span class='ocrx_word' id='word_1_268' title='bbox 1155 3815 1205 3868; x_wconf 83' lang='lat' dir='ltr'><strong>Se-</strong></span> 
     </span>
     <span class='ocr_line' id='line_1_33' title="bbox 128 3892 1204 3968; baseline -0.003 -18"><span class='ocrx_word' id='word_1_269' title='bbox 128 3897 276 3963; x_wconf 73' lang='lat' dir='ltr'><strong>vineat,Ne</strong></span> <span class='ocrx_word' id='word_1_270' title='bbox 282 3895 331 3949; x_wconf 85' lang='lat' dir='ltr'><strong>sibi</strong></span> <span class='ocrx_word' id='word_1_271' title='bbox 336 3895 455 3949; x_wconf 79' lang='lat' dir='ltr'><strong>sericisse</strong></span> <span class='ocrx_word' id='word_1_272' title='bbox 461 3905 537 3968; x_wconf 84' lang='lat' dir='ltr'><strong>putet.</strong></span> <span class='ocrx_word' id='word_1_273' title='bbox 546 3914 560 3940; x_wconf 71' lang='lat' dir='ltr'><strong>a</strong></span> <span class='ocrx_word' id='word_1_274' title='bbox 569 3892 646 3960; x_wconf 84' lang='lat' dir='ltr'><strong>(Luc.</strong></span> <span class='ocrx_word' id='word_1_275' title='bbox 695 3911 764 3946; x_wconf 67' lang='lat' dir='ltr'><strong>nece</strong></span> <span class='ocrx_word' id='word_1_276' title='bbox 773 3905 888 3964; x_wconf 85' lang='lat' dir='ltr'><strong>tempore</strong></span> <span class='ocrx_word' id='word_1_277' title='bbox 900 3893 944 3947; x_wconf 82' lang='lat' dir='ltr'><strong>ills</strong></span> <span class='ocrx_word' id='word_1_278' title='bbox 955 3913 1004 3946; x_wconf 75' lang='lat' dir='ltr'><strong>vox</strong></span> <span class='ocrx_word' id='word_1_279' title='bbox 1015 3892 1129 3946; x_wconf 77' lang='lat' dir='ltr'><strong>absolute</strong></span> <span class='ocrx_word' id='word_1_280' title='bbox 1136 3906 1161 3946; x_wconf 88' lang='lat' dir='ltr'><strong>et</strong></span> <span class='ocrx_word' id='word_1_281' title='bbox 1172 3892 1204 3948; x_wconf 90' lang='lat' dir='ltr'><strong>de</strong></span> 
     </span>
     <span class='ocr_line' id='line_1_34' title="bbox 129 3970 1205 4044; baseline -0.005 -14"><span class='ocrx_word' id='word_1_282' title='bbox 129 3975 220 4030; x_wconf 70' lang='lat' dir='ltr'><strong>Phara·</strong></span> <span class='ocrx_word' id='word_1_283' title='bbox 233 3973 350 4039; x_wconf 87' lang='lat' dir='ltr'><strong>,lib.ll.)</strong></span> <span class='ocrx_word' id='word_1_284' title='bbox 693 3983 838 4044; x_wconf 86' lang='lat' dir='ltr'><strong>temporum</strong></span> <span class='ocrx_word' id='word_1_285' title='bbox 849 3971 965 4023; x_wconf 87' lang='lat' dir='ltr'><strong>omnium</strong></span> <span class='ocrx_word' id='word_1_286' title='bbox 973 3970 1205 4026; x_wconf 77' lang='lat' dir='ltr'><strong>universalitatem·</strong></span> 
     </span>
     <span class='ocr_line' id='line_1_35' title="bbox 164 4047 1204 4123; baseline -0.001 -18"><span class='ocrx_word' id='word_1_287' title='bbox 164 4073 188 4105; x_wconf 72' lang='grc' dir='ltr'><strong>α.</strong></span> <span class='ocrx_word' id='word_1_288' title='bbox 199 4051 258 4104; x_wconf 74' lang='lat' dir='ltr'><strong>Ittt.</strong></span> <span class='ocrx_word' id='word_1_289' title='bbox 268 4049 373 4104; x_wconf 77' lang='lat' dir='ltr'><strong>ltcood.</strong></span> <span class='ocrx_word' id='word_1_290' title='bbox 387 4061 535 4123; x_wconf 82' lang='lat' dir='ltr'><strong>receperunt</strong></span> <span class='ocrx_word' id='word_1_291' title='bbox 545 4047 644 4102; x_wconf 74' lang='lat' dir='ltr'><strong>Erum</strong></span> <span class='ocrx_word' id='word_1_292' title='bbox 693 4048 816 4112; x_wconf 82' lang='lat' dir='ltr'><strong>mebstur;</strong></span> <span class='ocrx_word' id='word_1_293' title='bbox 824 4049 867 4102; x_wconf 88' lang='lat' dir='ltr'><strong>sed</strong></span> <span class='ocrx_word' id='word_1_294' title='bbox 875 4048 1204 4122; x_wconf 74' lang='lat' dir='ltr'><strong>alicuiroriaemperjuncta</strong></span> 
     </span>
     <span class='ocr_line' id='line_1_36' title="bbox 130 4125 1204 4203; baseline -0.001 -22"><span class='ocrx_word' id='word_1_295' title='bbox 130 4128 250 4203; x_wconf 83' lang='lat' dir='ltr'><strong>Lipsius,</strong></span> <span class='ocrx_word' id='word_1_296' title='bbox 266 4129 347 4183; x_wconf 86' lang='lat' dir='ltr'><strong>Grou.</strong></span> <span class='ocrx_word' id='word_1_297' title='bbox 364 4128 502 4183; x_wconf 75' lang='lat' dir='ltr'><strong>Pincianus</strong></span> <span class='ocrx_word' id='word_1_298' title='bbox 521 4127 644 4182; x_wconf 77' lang='lat' dir='ltr'><strong>dederas:</strong></span> <span class='ocrx_word' id='word_1_299' title='bbox 693 4125 839 4180; x_wconf 80' lang='lat' dir='ltr'><strong>occurrebat</strong></span> <span class='ocrx_word' id='word_1_300' title='bbox 850 4144 909 4196; x_wconf 84' lang='lat' dir='ltr'><strong>quae</strong></span> <span class='ocrx_word' id='word_1_301' title='bbox 927 4126 1044 4199; x_wconf 79' lang='lat' dir='ltr'><strong>perennis</strong></span> <span class='ocrx_word' id='word_1_302' title='bbox 1058 4125 1204 4200; x_wconf 44' lang='lat' dir='ltr'><strong>dicebatur„</strong></span> 
     </span>
     <span class='ocr_line' id='line_1_37' title="bbox 131 4203 1204 4274; baseline -0.003 -13"><span class='ocrx_word' id='word_1_303' title='bbox 131 4208 246 4262; x_wconf 77' lang='lat' dir='ltr'><strong>Metilio.</strong></span> <span class='ocrx_word' id='word_1_304' title='bbox 726 4207 749 4258; x_wconf 85' lang='lat'><strong>5.</strong></span> <span class='ocrx_word' id='word_1_305' title='bbox 759 4204 839 4274; x_wconf 74' lang='lat' dir='ltr'><strong>Cujus</strong></span> <span class='ocrx_word' id='word_1_306' title='bbox 848 4208 962 4274; x_wconf 56' lang='lat' dir='ltr'><strong>majora..</strong></span> <span class='ocrx_word' id='word_1_307' title='bbox 973 4207 1130 4257; x_wconf 71' lang='lat' dir='ltr'><strong>nuntiatur.</strong></span> <span class='ocrx_word' id='word_1_308' title='bbox 1141 4203 1204 4258; x_wconf 88' lang='lat' dir='ltr'><strong>Pue·</strong></span> 
     </span>
    </p>
   </div>
   <div class='ocr_carea' id='block_1_5' title="bbox 0 0 1520 4942">
    <p class='ocr_par' dir='ltr' id='par_1_5' title="bbox 0 0 1520 4942">
     <span class='ocr_line' id='line_1_38' title="bbox 0 0 1520 4942; baseline 0 0"><span class='ocrx_word' id='word_1_309' title='bbox 0 0 1520 4942; x_wconf 95' lang='lat' dir='ltr'><strong> </strong></span> 
     </span>
    </p>
   </div>
  </div>
 </body>
</html>
