<?xml version="1.0" encoding="UTF-8"?>
<!DOCTYPE html PUBLIC "-//W3C//DTD XHTML 1.0 Transitional//EN"
    "http://www.w3.org/TR/xhtml1/DTD/xhtml1-transitional.dtd">
<html xmlns="http://www.w3.org/1999/xhtml" xml:lang="en" lang="en">
 <head>
  <title>
</title>
<meta http-equiv="Content-Type" content="text/html;charset=utf-8" />
  <meta name='ocr-system' content='tesseract 3.04.00' />
  <meta name='ocr-capabilities' content='ocr_page ocr_carea ocr_par ocr_line ocrx_word'/>
</head>
<body>
  <div class='ocr_page' id='page_1' title='image "./lannsenecparspr02bouigoog_0676.png"; bbox 0 0 2952 4938; ppageno 0'>
   <div class='ocr_carea' id='block_1_1' title="bbox 407 437 1165 578">
    <p class='ocr_par' dir='ltr' id='par_1_1' title="bbox 407 437 1165 578">
     <span class='ocr_line' id='line_1_1' title="bbox 407 437 1165 578; baseline 0.003 -22"><span class='ocrx_word' id='word_1_1' title='bbox 407 437 880 578; x_wconf 64' lang='lat' dir='ltr'><strong>nrn.v11,cnr.x1.&#39;</strong></span> <span class='ocrx_word' id='word_1_2' title='bbox 1098 487 1165 558; x_wconf 77' lang='lat' dir='ltr'><strong>oss</strong></span> 
     </span>
    </p>
   </div>
   <div class='ocr_carea' id='block_1_2' title="bbox 96 615 1346 2110">
    <p class='ocr_par' dir='ltr' id='par_1_2' title="bbox 96 615 1346 1631">
     <span class='ocr_line' id='line_1_2' title="bbox 97 615 1166 713; baseline -0.003 -26"><span class='ocrx_word' id='word_1_3' title='bbox 97 631 194 687; x_wconf 76' lang='lat' dir='ltr'><strong>sustu</strong></span> <span class='ocrx_word' id='word_1_4' title='bbox 212 619 320 712; x_wconf 84' lang='lat' dir='ltr'><strong>spatia</strong></span> <span class='ocrx_word' id='word_1_5' title='bbox 339 632 507 687; x_wconf 82' lang='lat' dir='ltr'><strong>terrarum</strong></span> <span class='ocrx_word' id='word_1_6' title='bbox 529 615 671 688; x_wconf 76' lang='lat' dir='ltr'><strong>colenda</strong></span> <span class='ocrx_word' id='word_1_7' title='bbox 694 642 756 713; x_wconf 84' lang='lat' dir='ltr'><strong>per</strong></span> <span class='ocrx_word' id='word_1_8' title='bbox 778 619 928 700; x_wconf 84' lang='lat' dir='ltr'><strong>vinctos,</strong></span> <span class='ocrx_word' id='word_1_9' title='bbox 954 631 988 684; x_wconf 87' lang='lat' dir='ltr'><strong>et</strong></span> <span class='ocrx_word' id='word_1_10' title='bbox 1013 617 1166 685; x_wconf 87' lang='lat' dir='ltr'><strong>immensi</strong></span> 
     </span>
     <span class='ocr_line' id='line_1_3' title="bbox 100 732 1208 830; baseline -0.003 -26"><span class='ocrx_word' id='word_1_11' title='bbox 100 759 223 830; x_wconf 77' lang='lat' dir='ltr'><strong>greges</strong></span> <span class='ocrx_word' id='word_1_12' title='bbox 237 759 397 829; x_wconf 82' lang='lat' dir='ltr'><strong>pecorum</strong></span> <span class='ocrx_word' id='word_1_13' title='bbox 408 759 474 828; x_wconf 85' lang='lat' dir='ltr'><strong>per</strong></span> <span class='ocrx_word' id='word_1_14' title='bbox 485 735 676 828; x_wconf 85' lang='lat' dir='ltr'><strong>provincias</strong></span> <span class='ocrx_word' id='word_1_15' title='bbox 694 759 735 804; x_wconf 83' lang='lat' dir='ltr'><strong>ao</strong></span> <span class='ocrx_word' id='word_1_16' title='bbox 752 759 859 828; x_wconf 76' lang='lat' dir='ltr'><strong>regna</strong></span> <span class='ocrx_word' id='word_1_17' title='bbox 875 732 1055 828; x_wconf 82' lang='lat' dir='ltr'><strong>pascendi,</strong></span> <span class='ocrx_word' id='word_1_18' title='bbox 1071 750 1105 802; x_wconf 86' lang='lat' dir='ltr'><strong>et</strong></span> <span class='ocrx_word' id='word_1_19' title='bbox 1118 734 1168 802; x_wconf 83' lang='lat' dir='ltr'><strong>la·</strong></span> <span class='ocrx_word' id='word_1_20' title='bbox 1205 821 1208 830; x_wconf 28' lang='grc' dir='ltr'>Ι</span> 
     </span>
     <span class='ocr_line' id='line_1_4' title="bbox 98 849 1168 945; baseline 0 -28"><span class='ocrx_word' id='word_1_21' title='bbox 98 850 195 918; x_wconf 82' lang='lat' dir='ltr'><strong>milio</strong></span> <span class='ocrx_word' id='word_1_22' title='bbox 212 849 382 920; x_wconf 84' lang='lat' dir='ltr'><strong>bellioosis</strong></span> <span class='ocrx_word' id='word_1_23' title='bbox 395 851 588 920; x_wconf 79' lang='lat' dir='ltr'><strong>nationibus</strong></span> <span class='ocrx_word' id='word_1_24' title='bbox 604 851 723 945; x_wconf 82' lang='lat' dir='ltr'><strong>major,</strong></span> <span class='ocrx_word' id='word_1_25' title='bbox 738 868 773 921; x_wconf 86' lang='lat' dir='ltr'><strong>et</strong></span> <span class='ocrx_word' id='word_1_26' title='bbox 785 850 1071 944; x_wconf 80' lang='lat' dir='ltr'><strong>aedifioiaprivata</strong></span> <span class='ocrx_word' id='word_1_27' title='bbox 1083 850 1168 918; x_wconf 61' lang='lat' dir='ltr'><strong>luxiss</strong></span> 
     </span>
     <span class='ocr_line' id='line_1_5' title="bbox 96 961 1207 1058; baseline -0.003 -28"><span class='ocrx_word' id='word_1_28' title='bbox 96 979 202 1031; x_wconf 83' lang='lat' dir='ltr'><strong>tutem</strong></span> <span class='ocrx_word' id='word_1_29' title='bbox 220 963 356 1032; x_wconf 90' lang='lat' dir='ltr'><strong>urbium</strong></span> <span class='ocrx_word' id='word_1_30' title='bbox 379 987 579 1058; x_wconf 78' lang='lat' dir='ltr'><strong>magnarum</strong></span> <span class='ocrx_word' id='word_1_31' title='bbox 600 967 772 1034; x_wconf 82' lang='lat' dir='ltr'><strong>vincentia</strong></span> <span class='ocrx_word' id='word_1_32' title='bbox 785 961 813 1030; x_wconf 89' lang='lat'><strong>¹!</strong></span> <span class='ocrx_word' id='word_1_33' title='bbox 842 964 960 1057; x_wconf 88' lang='lat' dir='ltr'><strong>Quum</strong></span> <span class='ocrx_word' id='word_1_34' title='bbox 975 964 1063 1032; x_wconf 85' lang='lat' dir='ltr'><strong>bene</strong></span> <span class='ocrx_word' id='word_1_35' title='bbox 1079 965 1163 1046; x_wconf 83' lang='lat' dir='ltr'><strong>ists,</strong></span> <span class='ocrx_word' id='word_1_36' title='bbox 1191 976 1207 1027; x_wconf 82' lang='lat'>⁵</span> 
     </span>
     <span class='ocr_line' id='line_1_6' title="bbox 98 1063 1164 1173; baseline 0.001 -28"><span class='ocrx_word' id='word_1_37' title='bbox 98 1063 169 1171; x_wconf 51' lang='lat' dir='ltr'><strong>per&#39;</strong></span> <span class='ocrx_word' id='word_1_38' title='bbox 182 1102 258 1169; x_wconf 77' lang='lat' dir='ltr'><strong>qum</strong></span> <span class='ocrx_word' id='word_1_39' title='bbox 275 1077 410 1149; x_wconf 81' lang='lat' dir='ltr'><strong>divitiae</strong></span> <span class='ocrx_word' id='word_1_40' title='bbox 427 1069 503 1149; x_wconf 79' lang='lat' dir='ltr'><strong>suas</strong></span> <span class='ocrx_word' id='word_1_41' title='bbox 518 1079 683 1173; x_wconf 74' lang='lat' dir='ltr'><strong>disposuit</strong></span> <span class='ocrx_word' id='word_1_42' title='bbox 694 1105 736 1150; x_wconf 84' lang='lat' dir='ltr'><strong>ac</strong></span> <span class='ocrx_word' id='word_1_43' title='bbox 748 1079 854 1164; x_wconf 76' lang='lat' dir='ltr'><strong>indit,</strong></span> <span class='ocrx_word' id='word_1_44' title='bbox 873 1080 1164 1173; x_wconf 80' lang='lat' dir='ltr'><strong>circumspexerit,</strong></span> 
     </span>
     <span class='ocr_line' id='line_1_7' title="bbox 99 1193 1168 1290; baseline 0.004 -30"><span class='ocrx_word' id='word_1_45' title='bbox 99 1193 355 1287; x_wconf 77' lang='lat' dir='ltr'><strong>superbumque</strong></span> <span class='ocrx_word' id='word_1_46' title='bbox 383 1196 598 1282; x_wconf 67' lang='lat' dir='ltr'><strong>olefecerit,</strong></span> <span class='ocrx_word' id='word_1_47' title='bbox 629 1197 657 1266; x_wconf 84' lang='lat' dir='ltr'><strong>si</strong></span> <span class='ocrx_word' id='word_1_48' title='bbox 679 1193 850 1290; x_wconf 89' lang='lat' dir='ltr'><strong>quidquid</strong></span> <span class='ocrx_word' id='word_1_49' title='bbox 876 1197 981 1266; x_wconf 81' lang='lat' dir='ltr'><strong>habet</strong></span> <span class='ocrx_word' id='word_1_50' title='bbox 1015 1198 1047 1266; x_wconf 87' lang='lat' dir='ltr'><strong>ei</strong></span> <span class='ocrx_word' id='word_1_51' title='bbox 1075 1195 1168 1287; x_wconf 90' lang='lat' dir='ltr'><strong>quod</strong></span> 
     </span>
     <span class='ocr_line' id='line_1_8' title="bbox 99 1307 1168 1404; baseline 0.002 -30"><span class='ocrx_word' id='word_1_52' title='bbox 99 1307 197 1399; x_wconf 89' lang='lat' dir='ltr'><strong>cupit</strong></span> <span class='ocrx_word' id='word_1_53' title='bbox 214 1324 405 1402; x_wconf 81' lang='lat' dir='ltr'><strong>comparet,</strong></span> <span class='ocrx_word' id='word_1_54' title='bbox 423 1333 556 1404; x_wconf 78' lang='lat' dir='ltr'><strong>pauper</strong></span> <span class='ocrx_word' id='word_1_55' title='bbox 573 1325 636 1379; x_wconf 83' lang='lat' dir='ltr'><strong>est.</strong></span> <span class='ocrx_word' id='word_1_56' title='bbox 657 1311 796 1382; x_wconf 86' lang='lat' dir='ltr'><strong>Dimitte</strong></span> <span class='ocrx_word' id='word_1_57' title='bbox 811 1335 883 1394; x_wconf 87' lang='lat' dir='ltr'><strong>me,</strong></span> <span class='ocrx_word' id='word_1_58' title='bbox 900 1326 934 1380; x_wconf 79' lang='lat' dir='ltr'><strong>ct</strong></span> <span class='ocrx_word' id='word_1_59' title='bbox 952 1309 1022 1378; x_wconf 85' lang='lat' dir='ltr'><strong>illis</strong></span> <span class='ocrx_word' id='word_1_60' title='bbox 1040 1309 1168 1378; x_wconf 87' lang='lat' dir='ltr'><strong>divitiis</strong></span> 
     </span>
     <span class='ocr_line' id='line_1_9' title="bbox 100 1423 1346 1522; baseline 0.004 -34"><span class='ocrx_word' id='word_1_61' title='bbox 100 1423 187 1490; x_wconf 84' lang='lat' dir='ltr'><strong>meis</strong></span> <span class='ocrx_word' id='word_1_62' title='bbox 200 1423 318 1494; x_wconf 81' lang='lat' dir='ltr'><strong>redde.</strong></span> <span class='ocrx_word' id='word_1_63' title='bbox 335 1429 407 1518; x_wconf 80' lang='lat' dir='ltr'><strong>Ego</strong></span> <span class='ocrx_word' id='word_1_64' title='bbox 422 1450 565 1521; x_wconf 78' lang='lat' dir='ltr'><strong>regnum</strong></span> <span class='ocrx_word' id='word_1_65' title='bbox 575 1426 748 1520; x_wconf 81' lang='lat' dir='ltr'><strong>sapientire</strong></span> <span class='ocrx_word' id='word_1_66' title='bbox 760 1428 860 1510; x_wconf 82' lang='lat' dir='ltr'><strong>novi,</strong></span> <span class='ocrx_word' id='word_1_67' title='bbox 877 1452 1057 1522; x_wconf 80' lang='lat' dir='ltr'><strong>magnum,</strong></span> <span class='ocrx_word' id='word_1_68' title='bbox 1074 1449 1169 1496; x_wconf 78' lang='lat' dir='ltr'><strong>secu·</strong></span> <span class='ocrx_word' id='word_1_69' title='bbox 1228 1477 1233 1488; x_wconf 74' lang='lat'><em>.</em></span> <span class='ocrx_word' id='word_1_70' title='bbox 1344 1497 1346 1504; x_wconf 13' lang='lat' dir='ltr'><strong>q</strong></span> 
     </span>
     <span class='ocr_line' id='line_1_10' title="bbox 99 1541 979 1631; baseline 0.007 -25"><span class='ocrx_word' id='word_1_71' title='bbox 99 1561 178 1606; x_wconf 89' lang='lat' dir='ltr'><strong>rum</strong></span> <span class='ocrx_word' id='word_1_72' title='bbox 192 1567 202 1624; x_wconf 78' lang='lat'>3</span> <span class='ocrx_word' id='word_1_73' title='bbox 221 1563 284 1631; x_wconf 81' lang='lat' dir='ltr'><strong>ego</strong></span> <span class='ocrx_word' id='word_1_74' title='bbox 301 1541 351 1608; x_wconf 86' lang='lat' dir='ltr'><strong>sio</strong></span> <span class='ocrx_word' id='word_1_75' title='bbox 368 1543 481 1610; x_wconf 85' lang='lat' dir='ltr'><strong>omnia</strong></span> <span class='ocrx_word' id='word_1_76' title='bbox 493 1541 623 1624; x_wconf 82' lang='lat' dir='ltr'><strong>habeo,</strong></span> <span class='ocrx_word' id='word_1_77' title='bbox 639 1559 678 1611; x_wconf 85' lang='lat' dir='ltr'><strong>ut</strong></span> <span class='ocrx_word' id='word_1_78' title='bbox 693 1545 844 1612; x_wconf 90' lang='lat' dir='ltr'><strong>omnium</strong></span> <span class='ocrx_word' id='word_1_79' title='bbox 862 1545 943 1613; x_wconf 86' lang='lat' dir='ltr'><strong>sint.</strong></span> <span class='ocrx_word' id='word_1_80' title='bbox 962 1575 979 1606; x_wconf 76' lang='lat' dir='ltr'><strong>s</strong></span> 
     </span>
    </p>

    <p class='ocr_par' dir='ltr' id='par_1_3' title="bbox 99 1652 1222 2110">
     <span class='ocr_line' id='line_1_11' title="bbox 150 1652 1169 1750; baseline 0.004 -28"><span class='ocrx_word' id='word_1_81' title='bbox 150 1656 216 1723; x_wconf 85' lang='lat' dir='ltr'><strong>xt.</strong></span> <span class='ocrx_word' id='word_1_82' title='bbox 233 1657 352 1747; x_wconf 81' lang='lat' dir='ltr'><strong>Itaque</strong></span> <span class='ocrx_word' id='word_1_83' title='bbox 363 1683 467 1750; x_wconf 92' lang='lat' dir='ltr'><strong>quum</strong></span> <span class='ocrx_word' id='word_1_84' title='bbox 487 1659 527 1728; x_wconf 90' lang='lat' dir='ltr'><strong>C.</strong></span> <span class='ocrx_word' id='word_1_85' title='bbox 546 1661 678 1728; x_wconf 82' lang='lat' dir='ltr'><strong>Caesar&#39;</strong></span> <span class='ocrx_word' id='word_1_86' title='bbox 695 1660 745 1728; x_wconf 94' lang='lat' dir='ltr'><strong>illi</strong></span> <span class='ocrx_word' id='word_1_87' title='bbox 760 1652 925 1730; x_wconf 83' lang='lat' dir='ltr'><strong>ducents³</strong></span> <span class='ocrx_word' id='word_1_88' title='bbox 940 1658 1104 1742; x_wconf 82' lang='lat' dir='ltr'><strong>donaret,</strong></span> <span class='ocrx_word' id='word_1_89' title='bbox 1120 1660 1169 1726; x_wconf 92' lang='lat' dir='ltr'><strong>ri·</strong></span> 
     </span>
     <span class='ocr_line' id='line_1_12' title="bbox 99 1771 1222 1871; baseline 0.003 -31"><span class='ocrx_word' id='word_1_90' title='bbox 99 1771 187 1840; x_wconf 84' lang='lat' dir='ltr'><strong>dens</strong></span> <span class='ocrx_word' id='word_1_91' title='bbox 201 1773 342 1866; x_wconf 84' lang='lat' dir='ltr'><strong>rejecit,‘</strong></span> <span class='ocrx_word' id='word_1_92' title='bbox 354 1799 399 1843; x_wconf 84' lang='lat' dir='ltr'><strong>ne</strong></span> <span class='ocrx_word' id='word_1_93' title='bbox 413 1774 551 1869; x_wconf 81' lang='lat' dir='ltr'><strong>dignam</strong></span> <span class='ocrx_word' id='word_1_94' title='bbox 573 1775 711 1866; x_wconf 87' lang='lat' dir='ltr'><strong>quidem</strong></span> <span class='ocrx_word' id='word_1_95' title='bbox 725 1801 888 1846; x_wconf 81' lang='lat' dir='ltr'><strong>summam</strong></span> <span class='ocrx_word' id='word_1_96' title='bbox 903 1777 1081 1871; x_wconf 77' lang='lat' dir='ltr'><strong>judicans,</strong></span> <span class='ocrx_word' id='word_1_97' title='bbox 1100 1800 1169 1868; x_wconf 84' lang='lat' dir='ltr'><strong>qua</strong></span> <span class='ocrx_word' id='word_1_98' title='bbox 1220 1830 1222 1834; x_wconf 85' lang='lat'><em>.</em></span> 
     </span>
     <span class='ocr_line' id='line_1_13' title="bbox 99 1891 1169 1992; baseline 0.006 -32"><span class='ocrx_word' id='word_1_99' title='bbox 99 1916 172 1961; x_wconf 90' lang='lat' dir='ltr'><strong>non</strong></span> <span class='ocrx_word' id='word_1_100' title='bbox 182 1911 320 1988; x_wconf 82' lang='lat' dir='ltr'><strong>accepta</strong></span> <span class='ocrx_word' id='word_1_101' title='bbox 333 1895 547 1989; x_wconf 79' lang='lat' dir='ltr'><strong>gloriaretur.</strong></span> <span class='ocrx_word' id='word_1_102' title='bbox 561 1899 618 1964; x_wconf 90' lang='lat' dir='ltr'><strong>Dii</strong></span> <span class='ocrx_word' id='word_1_103' title='bbox 628 1897 769 1989; x_wconf 72' lang='lat' dir='ltr'><strong>demque</strong></span> <span class='ocrx_word' id='word_1_104' title='bbox 781 1950 791 1978; x_wconf 85' lang='lat'>‚</span> <span class='ocrx_word' id='word_1_105' title='bbox 803 1921 904 1990; x_wconf 86' lang='lat' dir='ltr'><strong>quam</strong></span> <span class='ocrx_word' id='word_1_106' title='bbox 914 1891 1056 1992; x_wconf 78' lang='lat' dir='ltr'><strong>pusillo⁴</strong></span> <span class='ocrx_word' id='word_1_107' title='bbox 1072 1897 1169 1966; x_wconf 89' lang='lat' dir='ltr'><strong>illum</strong></span> 
     </span>
     <span class='ocr_line' id='line_1_14' title="bbox 99 2008 1170 2110; baseline 0.005 -32"><span class='ocrx_word' id='word_1_108' title='bbox 99 2011 252 2080; x_wconf 76' lang='lat' dir='ltr'><strong>animum</strong></span> <span class='ocrx_word' id='word_1_109' title='bbox 265 2028 325 2081; x_wconf 80' lang='lat' dir='ltr'><strong>aut</strong></span> <span class='ocrx_word' id='word_1_110' title='bbox 333 2011 501 2082; x_wconf 80' lang='lat' dir='ltr'><strong>honorare</strong></span> <span class='ocrx_word' id='word_1_111' title='bbox 514 2014 622 2082; x_wconf 79' lang='lat' dir='ltr'><strong>voluit</strong></span> <span class='ocrx_word' id='word_1_112' title='bbox 630 2065 642 2102; x_wconf 90' lang='lat'>‚</span> <span class='ocrx_word' id='word_1_113' title='bbox 658 2031 717 2084; x_wconf 82' lang='lat' dir='ltr'><strong>aut</strong></span> <span class='ocrx_word' id='word_1_114' title='bbox 731 2008 975 2110; x_wconf 86' lang='lat' dir='ltr'><strong>corrumpere⁵</strong></span> <span class='ocrx_word' id='word_1_115' title='bbox 987 2012 995 2080; x_wconf 88' lang='lat' dir='ltr'><strong>l</strong></span> <span class='ocrx_word' id='word_1_116' title='bbox 1009 2015 1170 2084; x_wconf 84' lang='lat' dir='ltr'><strong>Redden-</strong></span> 
     </span>
    </p>
   </div>
   <div class='ocr_carea' id='block_1_3' title="bbox 99 2203 1235 4313">
    <p class='ocr_par' dir='ltr' id='par_1_4' title="bbox 99 2203 1235 4313">
     <span class='ocr_line' id='line_1_15' title="bbox 99 2203 1171 2281; baseline 0.003 -24"><span class='ocrx_word' id='word_1_117' title='bbox 99 2203 164 2270; x_wconf 84' lang='lat' dir='ltr'><strong>scit‚</strong></span> <span class='ocrx_word' id='word_1_118' title='bbox 178 2225 200 2256; x_wconf 88' lang='lat' dir='ltr'><strong>e.</strong></span> <span class='ocrx_word' id='word_1_119' title='bbox 211 2224 236 2275; x_wconf 79' lang='lat' dir='ltr'><strong>g.</strong></span> <span class='ocrx_word' id='word_1_120' title='bbox 248 2206 277 2257; x_wconf 86' lang='lat' dir='ltr'><strong>t.</strong></span> <span class='ocrx_word' id='word_1_121' title='bbox 291 2207 369 2258; x_wconf 86' lang='lat' dir='ltr'><strong>Msre.</strong></span> <span class='ocrx_word' id='word_1_122' title='bbox 377 2204 491 2281; x_wconf 86' lang='lat' dir='ltr'><strong>Philippi</strong></span> <span class='ocrx_word' id='word_1_123' title='bbox 503 2205 560 2257; x_wconf 79' lang='lat' dir='ltr'><strong>trib.</strong></span> <span class='ocrx_word' id='word_1_124' title='bbox 574 2206 608 2281; x_wconf 90' lang='lat' dir='ltr'><strong>pl.</strong></span> <span class='ocrx_word' id='word_1_125' title='bbox 657 2207 736 2272; x_wconf 78' lang='lat' dir='ltr'><strong>tium,</strong></span> <span class='ocrx_word' id='word_1_126' title='bbox 753 2219 790 2260; x_wconf 90' lang='lat' dir='ltr'><strong>est</strong></span> <span class='ocrx_word' id='word_1_127' title='bbox 806 2208 875 2278; x_wconf 83' lang='lat' dir='ltr'><strong>quod</strong></span> <span class='ocrx_word' id='word_1_128' title='bbox 890 2220 982 2264; x_wconf 64' lang='lat' dir='ltr'><strong>nosue</strong></span> <span class='ocrx_word' id='word_1_129' title='bbox 997 2221 1106 2263; x_wconf 67' lang='lat' dir='ltr'><strong>monete</strong></span> <span class='ocrx_word' id='word_1_130' title='bbox 1118 2210 1171 2262; x_wconf 80' lang='lat' dir='ltr'><strong>sere</strong></span> 
     </span>
     <span class='ocr_line' id='line_1_16' title="bbox 101 2282 795 2356; baseline 0.004 -23"><span class='ocrx_word' id='word_1_131' title='bbox 101 2282 229 2353; x_wconf 79' lang='lat' dir='ltr'><strong>querelem</strong></span> <span class='ocrx_word' id='word_1_132' title='bbox 240 2283 306 2356; x_wconf 82' lang='lat' dir='ltr'><strong>spnd</strong></span> <span class='ocrx_word' id='word_1_133' title='bbox 320 2283 402 2338; x_wconf 88' lang='lat' dir='ltr'><strong>Cicer.</strong></span> <span class='ocrx_word' id='word_1_134' title='bbox 412 2284 444 2337; x_wconf 83' lang='lat' dir='ltr'><strong>cle</strong></span> <span class='ocrx_word' id='word_1_135' title='bbox 459 2285 512 2336; x_wconf 80' lang='lat' dir='ltr'><strong>Oli.</strong></span> <span class='ocrx_word' id='word_1_136' title='bbox 524 2286 565 2348; x_wconf 85' lang='lat'><strong>11,</strong></span> <span class='ocrx_word' id='word_1_137' title='bbox 579 2305 607 2337; x_wconf 68' lang='grc' dir='ltr'><strong>αι</strong></span> <span class='ocrx_word' id='word_1_138' title='bbox 657 2285 751 2352; x_wconf 72' lang='grc' dir='ltr'>40,οοο</span> <span class='ocrx_word' id='word_1_139' title='bbox 762 2286 795 2336; x_wconf 84' lang='lat' dir='ltr'><strong>sr.</strong></span> 
     </span>
     <span class='ocr_line' id='line_1_17' title="bbox 101 2359 1171 2434; baseline 0.004 -22"><span class='ocrx_word' id='word_1_140' title='bbox 101 2360 212 2432; x_wconf 71' lang='lat' dir='ltr'><strong>agrarias</strong></span> <span class='ocrx_word' id='word_1_141' title='bbox 225 2359 292 2434; x_wconf 76' lang='lat' dir='ltr'><strong>leges</strong></span> <span class='ocrx_word' id='word_1_142' title='bbox 303 2362 430 2414; x_wconf 76' lang='lat' dir='ltr'><strong>suadentis</strong></span> <span class='ocrx_word' id='word_1_143' title='bbox 441 2380 447 2414; x_wconf 91' lang='lat'>:</span> <span class='ocrx_word' id='word_1_144' title='bbox 459 2382 512 2418; x_wconf 88' lang='lat' dir='ltr'><strong>non</strong></span> <span class='ocrx_word' id='word_1_145' title='bbox 523 2384 574 2418; x_wconf 86' lang='lat' dir='ltr'><strong>esse</strong></span> <span class='ocrx_word' id='word_1_146' title='bbox 582 2364 611 2416; x_wconf 93' lang='lat' dir='ltr'><strong>in</strong></span> <span class='ocrx_word' id='word_1_147' title='bbox 690 2365 714 2429; x_wconf 72' lang='grc'><strong>4.</strong></span> <span class='ocrx_word' id='word_1_148' title='bbox 726 2363 837 2416; x_wconf 82' lang='lat' dir='ltr'><strong>Pusillo.</strong></span> <span class='ocrx_word' id='word_1_149' title='bbox 855 2363 963 2417; x_wconf 81' lang='lat' dir='ltr'><strong>lleduxit</strong></span> <span class='ocrx_word' id='word_1_150' title='bbox 977 2362 1058 2417; x_wconf 81' lang='lat' dir='ltr'><strong>Gron.</strong></span> <span class='ocrx_word' id='word_1_151' title='bbox 1079 2383 1092 2416; x_wconf 88' lang='lat' dir='ltr'><strong>e</strong></span> <span class='ocrx_word' id='word_1_152' title='bbox 1108 2364 1171 2416; x_wconf 75' lang='lat' dir='ltr'><strong>Nes.</strong></span> 
     </span>
     <span class='ocr_line' id='line_1_18' title="bbox 101 2437 1170 2513; baseline 0.005 -24"><span class='ocrx_word' id='word_1_153' title='bbox 101 2437 202 2490; x_wconf 79' lang='lat' dir='ltr'><strong>civitate</strong></span> <span class='ocrx_word' id='word_1_154' title='bbox 209 2438 259 2491; x_wconf 85' lang='lat' dir='ltr'><strong>duo</strong></span> <span class='ocrx_word' id='word_1_155' title='bbox 269 2437 609 2513; x_wconf 81' lang='lat' dir='ltr'><strong>millisbominum‚quirem</strong></span> <span class='ocrx_word' id='word_1_156' title='bbox 660 2452 685 2493; x_wconf 89' lang='lat' dir='ltr'><strong>et</strong></span> <span class='ocrx_word' id='word_1_157' title='bbox 700 2439 788 2492; x_wconf 85' lang='lat' dir='ltr'><strong>multis</strong></span> <span class='ocrx_word' id='word_1_158' title='bbox 807 2440 870 2494; x_wconf 77' lang='lat' dir='ltr'><strong>eliis.</strong></span> <span class='ocrx_word' id='word_1_159' title='bbox 884 2443 964 2494; x_wconf 74' lang='lat' dir='ltr'><strong>Antea</strong></span> <span class='ocrx_word' id='word_1_160' title='bbox 979 2444 1114 2510; x_wconf 70' lang='lat' dir='ltr'><strong>pauxillo.</strong></span> <span class='ocrx_word' id='word_1_161' title='bbox 1129 2441 1170 2495; x_wconf 83' lang='lat' dir='ltr'><strong>Cl.</strong></span> 
     </span>
     <span class='ocr_line' id='line_1_19' title="bbox 100 2512 984 2592; baseline 0.008 -27"><span class='ocrx_word' id='word_1_162' title='bbox 100 2512 244 2568; x_wconf 81' lang='lat' dir='ltr'><strong>heberent?</strong></span> <span class='ocrx_word' id='word_1_163' title='bbox 260 2514 361 2586; x_wconf 79' lang='lat' dir='ltr'>Ubique</span> <span class='ocrx_word' id='word_1_164' title='bbox 373 2517 404 2570; x_wconf 79' lang='lat' dir='ltr'><strong>ab</strong></span> <span class='ocrx_word' id='word_1_165' title='bbox 421 2537 450 2570; x_wconf 90' lang='lat' dir='ltr'><strong>eo</strong></span> <span class='ocrx_word' id='word_1_166' title='bbox 468 2519 528 2572; x_wconf 87' lang='lat' dir='ltr'><strong>inde</strong></span> <span class='ocrx_word' id='word_1_167' title='bbox 545 2534 612 2573; x_wconf 86' lang='lat' dir='ltr'><strong>tem·</strong></span> <span class='ocrx_word' id='word_1_168' title='bbox 659 2539 731 2592; x_wconf 76' lang='lat' dir='ltr'><strong>supra</strong></span> <span class='ocrx_word' id='word_1_169' title='bbox 741 2521 784 2582; x_wconf 86' lang='lat' dir='ltr'><strong>ll,</strong></span> <span class='ocrx_word' id='word_1_170' title='bbox 798 2539 846 2584; x_wconf 82' lang='lat'><strong>27,</strong></span> <span class='ocrx_word' id='word_1_171' title='bbox 862 2519 947 2587; x_wconf 73' lang='lat'>1334,</span> <span class='ocrx_word' id='word_1_172' title='bbox 961 2519 984 2572; x_wconf 84' lang='lat'><strong>3.</strong></span> 
     </span>
     <span class='ocr_line' id='line_1_20' title="bbox 102 2593 1169 2670; baseline 0.006 -25"><span class='ocrx_word' id='word_1_173' title='bbox 102 2613 174 2665; x_wconf 89' lang='lat' dir='ltr'><strong>pore,</strong></span> <span class='ocrx_word' id='word_1_174' title='bbox 182 2593 273 2648; x_wconf 65' lang='lat' dir='ltr'><strong>seculo</strong></span> <span class='ocrx_word' id='word_1_175' title='bbox 281 2594 350 2648; x_wconf 81' lang='lat' dir='ltr'><strong>urbis</strong></span> <span class='ocrx_word' id='word_1_176' title='bbox 360 2597 469 2652; x_wconf 74' lang='lat' dir='ltr'><strong>condite</strong></span> <span class='ocrx_word' id='word_1_177' title='bbox 479 2612 612 2666; x_wconf 62' lang='grc' dir='ltr'><strong>κήομεν·</strong></span> <span class='ocrx_word' id='word_1_178' title='bbox 688 2597 935 2667; x_wconf 59' lang='grc' dir='ltr'><strong>ὄῶννωηριηΜ</strong></span> <span class='ocrx_word' id='word_1_179' title='bbox 940 2617 1018 2669; x_wconf 87' lang='lat' dir='ltr'><strong>opum</strong></span> <span class='ocrx_word' id='word_1_180' title='bbox 1024 2609 1049 2650; x_wconf 84' lang='lat' dir='ltr'><strong>ot</strong></span> <span class='ocrx_word' id='word_1_181' title='bbox 1054 2595 1169 2670; x_wconf 62' lang='lat' dir='ltr'><strong>perunit</strong></span> 
     </span>
     <span class='ocr_line' id='line_1_21' title="bbox 101 2673 1227 2750; baseline 0.003 -26"><span class='ocrx_word' id='word_1_182' title='bbox 101 2673 274 2744; x_wconf 83' lang='lat' dir='ltr'><strong>vis‚quomrn</strong></span> <span class='ocrx_word' id='word_1_183' title='bbox 285 2675 474 2730; x_wconf 82' lang='lat' dir='ltr'><strong>multitudinem</strong></span> <span class='ocrx_word' id='word_1_184' title='bbox 484 2678 550 2732; x_wconf 74' lang='lat' dir='ltr'><strong>bella</strong></span> <span class='ocrx_word' id='word_1_185' title='bbox 559 2700 611 2732; x_wconf 84' lang='lat' dir='ltr'><strong>ser·</strong></span> <span class='ocrx_word' id='word_1_186' title='bbox 661 2695 774 2729; x_wconf 76' lang='lat' dir='ltr'><strong>amorem</strong></span> <span class='ocrx_word' id='word_1_187' title='bbox 792 2675 1023 2750; x_wconf 71' lang='lat' dir='ltr'><strong>possessionemque</strong></span> <span class='ocrx_word' id='word_1_188' title='bbox 1042 2673 1171 2728; x_wconf 76' lang='lat' dir='ltr'><strong>traducere</strong></span> <span class='ocrx_word' id='word_1_189' title='bbox 1209 2687 1227 2735; x_wconf 73' lang='grc'><strong>,·</strong></span> 
     </span>
     <span class='ocr_line' id='line_1_22' title="bbox 101 2749 1171 2829; baseline 0.002 -28"><span class='ocrx_word' id='word_1_190' title='bbox 101 2749 612 2829; x_wconf 74' lang='lat' dir='ltr'><strong>rilia‚etlucli‚stqueergastuleglsdisto·</strong></span> <span class='ocrx_word' id='word_1_191' title='bbox 662 2753 744 2808; x_wconf 82' lang='lat' dir='ltr'><strong>voluit</strong></span> <span class='ocrx_word' id='word_1_192' title='bbox 763 2753 897 2827; x_wconf 78' lang='lat' dir='ltr'><strong>Caligula,</strong></span> <span class='ocrx_word' id='word_1_193' title='bbox 910 2764 1032 2826; x_wconf 74' lang='lat' dir='ltr'><strong>tyrannus</strong></span> <span class='ocrx_word' id='word_1_194' title='bbox 1046 2751 1106 2812; x_wconf 86' lang='lat' dir='ltr'><strong>ille,</strong></span> <span class='ocrx_word' id='word_1_195' title='bbox 1127 2751 1171 2822; x_wconf 92' lang='lat' dir='ltr'><strong>qui</strong></span> 
     </span>
     <span class='ocr_line' id='line_1_23' title="bbox 101 2829 1235 2904; baseline 0 -24"><span class='ocrx_word' id='word_1_196' title='bbox 101 2849 160 2881; x_wconf 84' lang='lat' dir='ltr'><strong>rum</strong></span> <span class='ocrx_word' id='word_1_197' title='bbox 169 2829 227 2883; x_wconf 73' lang='lat' dir='ltr'><strong>estis</strong></span> <span class='ocrx_word' id='word_1_198' title='bbox 238 2830 357 2896; x_wconf 80' lang='lat' dir='ltr'><strong>docuere,</strong></span> <span class='ocrx_word' id='word_1_199' title='bbox 366 2851 428 2904; x_wconf 72' lang='lat' dir='ltr'><strong>ager</strong></span> <span class='ocrx_word' id='word_1_200' title='bbox 437 2833 612 2888; x_wconf 71' lang='lat' dir='ltr'><strong>Romanorum</strong></span> <span class='ocrx_word' id='word_1_201' title='bbox 660 2829 1173 2902; x_wconf 80' lang='lat' dir='ltr'><strong>hominesvirtutemqueeoutemnensni-</strong></span> <span class='ocrx_word' id='word_1_202' title='bbox 1231 2839 1235 2848; x_wconf 93' lang='lat'>&#39;</span> 
     </span>
     <span class='ocr_line' id='line_1_24' title="bbox 101 2905 1172 2985; baseline -0.003 -25"><span class='ocrx_word' id='word_1_203' title='bbox 101 2908 226 2960; x_wconf 84' lang='lat' dir='ltr'><strong>ditiorum</strong></span> <span class='ocrx_word' id='word_1_204' title='bbox 239 2908 290 2962; x_wconf 85' lang='lat' dir='ltr'><strong>coli</strong></span> <span class='ocrx_word' id='word_1_205' title='bbox 308 2923 402 2982; x_wconf 81' lang='lat' dir='ltr'><strong>emptus</strong></span> <span class='ocrx_word' id='word_1_206' title='bbox 416 2923 465 2977; x_wconf 84' lang='lat' dir='ltr'><strong>est,</strong></span> <span class='ocrx_word' id='word_1_207' title='bbox 485 2925 509 2964; x_wconf 83' lang='lat' dir='ltr'><strong>et</strong></span> <span class='ocrx_word' id='word_1_208' title='bbox 522 2933 612 2985; x_wconf 66' lang='lat' dir='ltr'><strong>pasena</strong></span> <span class='ocrx_word' id='word_1_209' title='bbox 661 2907 748 2979; x_wconf 82' lang='lat' dir='ltr'><strong>hiique</strong></span> <span class='ocrx_word' id='word_1_210' title='bbox 768 2908 925 2983; x_wconf 84' lang='lat' dir='ltr'><strong>philosophis</strong></span> <span class='ocrx_word' id='word_1_211' title='bbox 945 2905 1045 2973; x_wconf 78' lang='lat' dir='ltr'><strong>fideus,</strong></span> <span class='ocrx_word' id='word_1_212' title='bbox 1065 2905 1172 2977; x_wconf 79' lang='lat' dir='ltr'><strong>pecunia</strong></span> 
     </span>
     <span class='ocr_line' id='line_1_25' title="bbox 101 2984 1171 3060; baseline -0.004 -21"><span class='ocrx_word' id='word_1_213' title='bbox 101 2987 229 3060; x_wconf 64' lang='lat' dir='ltr'><strong>preferri,</strong></span> <span class='ocrx_word' id='word_1_214' title='bbox 239 2988 327 3040; x_wconf 72' lang='lat' dir='ltr'><strong>eodem</strong></span> <span class='ocrx_word' id='word_1_215' title='bbox 336 2987 410 3039; x_wconf 82' lang='lat' dir='ltr'><strong>etism</strong></span> <span class='ocrx_word' id='word_1_216' title='bbox 421 2989 516 3042; x_wconf 83' lang='lat' dir='ltr'><strong>Getone</strong></span> <span class='ocrx_word' id='word_1_217' title='bbox 527 3005 614 3046; x_wconf 84' lang='lat' dir='ltr'><strong>sucto-</strong></span> <span class='ocrx_word' id='word_1_218' title='bbox 661 2985 709 3040; x_wconf 76' lang='lat' dir='ltr'><strong>hae</strong></span> <span class='ocrx_word' id='word_1_219' title='bbox 722 2987 855 3040; x_wconf 76' lang='lat' dir='ltr'><strong>Demetrio</strong></span> <span class='ocrx_word' id='word_1_220' title='bbox 869 2986 952 3040; x_wconf 75' lang='lat' dir='ltr'><strong>oblate</strong></span> <span class='ocrx_word' id='word_1_221' title='bbox 964 3023 972 3052; x_wconf 90' lang='lat'>,</span> <span class='ocrx_word' id='word_1_222' title='bbox 984 2984 1078 3038; x_wconf 76' lang='lat' dir='ltr'><strong>derisui</strong></span> <span class='ocrx_word' id='word_1_223' title='bbox 1092 3004 1150 3036; x_wconf 87' lang='lat' dir='ltr'><strong>eum</strong></span> <span class='ocrx_word' id='word_1_224' title='bbox 1162 3021 1171 3049; x_wconf 86' lang='lat'><em>,</em></span> 
     </span>
     <span class='ocr_line' id='line_1_26' title="bbox 101 3062 1173 3140; baseline 0.001 -26"><span class='ocrx_word' id='word_1_225' title='bbox 101 3081 147 3128; x_wconf 78' lang='lat' dir='ltr'><strong>ee,</strong></span> <span class='ocrx_word' id='word_1_226' title='bbox 162 3063 214 3118; x_wconf 84' lang='lat' dir='ltr'><strong>Cic.</strong></span> <span class='ocrx_word' id='word_1_227' title='bbox 226 3063 257 3117; x_wconf 84' lang='lat' dir='ltr'><strong>de</strong></span> <span class='ocrx_word' id='word_1_228' title='bbox 269 3065 322 3116; x_wconf 79' lang='lat' dir='ltr'><strong>Off.</strong></span> <span class='ocrx_word' id='word_1_229' title='bbox 334 3065 368 3131; x_wconf 78' lang='lat' dir='ltr'><strong>ll,</strong></span> <span class='ocrx_word' id='word_1_230' title='bbox 380 3068 419 3132; x_wconf 80' lang='lat'><strong>25,</strong></span> <span class='ocrx_word' id='word_1_231' title='bbox 433 3069 454 3118; x_wconf 86' lang='lat'><strong>5.</strong></span> <span class='ocrx_word' id='word_1_232' title='bbox 470 3067 613 3123; x_wconf 69' lang='lat' dir='ltr'><strong>Columella</strong></span> <span class='ocrx_word' id='word_1_233' title='bbox 661 3067 683 3119; x_wconf 78' lang='lat' dir='ltr'><strong>si</strong></span> <span class='ocrx_word' id='word_1_234' title='bbox 699 3067 847 3140; x_wconf 70' lang='lat' dir='ltr'><strong>accepisset,</strong></span> <span class='ocrx_word' id='word_1_235' title='bbox 862 3068 991 3119; x_wconf 76' lang='lat' dir='ltr'><strong>treducere</strong></span> <span class='ocrx_word' id='word_1_236' title='bbox 1010 3063 1090 3117; x_wconf 82' lang='lat' dir='ltr'><strong>voluit</strong></span> <span class='ocrx_word' id='word_1_237' title='bbox 1104 3080 1111 3113; x_wconf 91' lang='lat'><strong>:</strong></span> <span class='ocrx_word' id='word_1_238' title='bbox 1127 3062 1173 3133; x_wconf 82' lang='lat' dir='ltr'><strong>qui</strong></span> 
     </span>
     <span class='ocr_line' id='line_1_27' title="bbox 101 3140 1173 3217; baseline 0.001 -25"><span class='ocrx_word' id='word_1_239' title='bbox 101 3140 141 3191; x_wconf 82' lang='lat' dir='ltr'><strong>Vl</strong></span> <span class='ocrx_word' id='word_1_240' title='bbox 154 3143 223 3212; x_wconf 83' lang='lat' dir='ltr'><strong>prref.</strong></span> <span class='ocrx_word' id='word_1_241' title='bbox 663 3145 833 3216; x_wconf 79' lang='lat' dir='ltr'><strong>quislemmos</strong></span> <span class='ocrx_word' id='word_1_242' title='bbox 846 3145 947 3217; x_wconf 69' lang='lat' dir='ltr'><strong>regibus</strong></span> <span class='ocrx_word' id='word_1_243' title='bbox 963 3163 1028 3216; x_wconf 83' lang='lat' dir='ltr'><strong>srepe</strong></span> <span class='ocrx_word' id='word_1_244' title='bbox 1040 3140 1173 3195; x_wconf 68' lang='lat' dir='ltr'><strong>familiaris</strong></span> 
     </span>
     <span class='ocr_line' id='line_1_28' title="bbox 139 3213 1173 3298; baseline -0.001 -27"><span class='ocrx_word' id='word_1_245' title='bbox 139 3237 160 3271; x_wconf 86' lang='grc' dir='ltr'><strong>ι.</strong></span> <span class='ocrx_word' id='word_1_246' title='bbox 172 3217 333 3289; x_wconf 77' lang='lat' dir='ltr'><strong>Etoedrficia</strong></span> <span class='ocrx_word' id='word_1_247' title='bbox 334 3255 381 3273; x_wconf 89' lang='grc'><strong>......</strong></span> <span class='ocrx_word' id='word_1_248' title='bbox 388 3225 525 3276; x_wconf 77' lang='lat' dir='ltr'><strong>vincentia.</strong></span> <span class='ocrx_word' id='word_1_249' title='bbox 536 3225 612 3298; x_wconf 75' lang='lat' dir='ltr'><strong>Epist.</strong></span> <span class='ocrx_word' id='word_1_250' title='bbox 661 3213 730 3289; x_wconf 73' lang='lat' dir='ltr'><strong>tuis,</strong></span> <span class='ocrx_word' id='word_1_251' title='bbox 751 3233 779 3274; x_wconf 89' lang='lat' dir='ltr'><strong>ut</strong></span> <span class='ocrx_word' id='word_1_252' title='bbox 795 3221 959 3296; x_wconf 83' lang='lat' dir='ltr'><strong>philosophos</strong></span> <span class='ocrx_word' id='word_1_253' title='bbox 973 3221 1085 3291; x_wconf 80' lang='lat' dir='ltr'><strong>eliosque</strong></span> <span class='ocrx_word' id='word_1_254' title='bbox 1105 3218 1173 3271; x_wconf 85' lang='lat' dir='ltr'><strong>viros</strong></span> 
     </span>
     <span class='ocr_line' id='line_1_29' title="bbox 102 3295 1174 3375; baseline -0.01 -15"><span class='ocrx_word' id='word_1_255' title='bbox 102 3309 151 3362; x_wconf 72' lang='lat'><strong>³¹⁶·</strong></span> <span class='ocrx_word' id='word_1_256' title='bbox 164 3295 197 3359; x_wconf 70' lang='lat'><strong>43</strong></span> <span class='ocrx_word' id='word_1_257' title='bbox 210 3297 246 3348; x_wconf 81' lang='lat' dir='ltr'><strong>sit</strong></span> <span class='ocrx_word' id='word_1_258' title='bbox 256 3297 422 3351; x_wconf 75' lang='lat' dir='ltr'><strong>stleozeNon</strong></span> <span class='ocrx_word' id='word_1_259' title='bbox 434 3299 561 3355; x_wconf 73' lang='lat' dir='ltr'><strong>habebant</strong></span> <span class='ocrx_word' id='word_1_260' title='bbox 569 3305 612 3356; x_wconf 87' lang='lat' dir='ltr'><strong>do·</strong></span> <span class='ocrx_word' id='word_1_261' title='bbox 661 3301 748 3354; x_wconf 87' lang='lat' dir='ltr'><strong>‹loctos</strong></span> <span class='ocrx_word' id='word_1_262' title='bbox 756 3301 783 3352; x_wconf 91' lang='lat' dir='ltr'><strong>in</strong></span> <span class='ocrx_word' id='word_1_263' title='bbox 789 3300 846 3354; x_wconf 84' lang='lat' dir='ltr'><strong>suls</strong></span> <span class='ocrx_word' id='word_1_264' title='bbox 852 3301 964 3375; x_wconf 66' lang='lat' dir='ltr'><strong>praemiis</strong></span> <span class='ocrx_word' id='word_1_265' title='bbox 971 3302 1030 3352; x_wconf 82' lang='lat' dir='ltr'><strong>estis</strong></span> <span class='ocrx_word' id='word_1_266' title='bbox 1040 3299 1113 3352; x_wconf 76' lang='lat' dir='ltr'><strong>lautis</strong></span> <span class='ocrx_word' id='word_1_267' title='bbox 1120 3297 1174 3350; x_wconf 82' lang='lat' dir='ltr'><strong>sle-</strong></span> 
     </span>
     <span class='ocr_line' id='line_1_30' title="bbox 102 3372 1173 3451; baseline 0.005 -28"><span class='ocrx_word' id='word_1_268' title='bbox 102 3391 160 3424; x_wconf 84' lang='lat' dir='ltr'><strong>mus</strong></span> <span class='ocrx_word' id='word_1_269' title='bbox 167 3372 376 3428; x_wconf 76' lang='lat' dir='ltr'><strong>insterurbium.»</strong></span> <span class='ocrx_word' id='word_1_270' title='bbox 387 3377 502 3450; x_wconf 81' lang='lat' dir='ltr'><strong>Respexit</strong></span> <span class='ocrx_word' id='word_1_271' title='bbox 510 3383 612 3434; x_wconf 74' lang='lat' dir='ltr'><strong>fortasse</strong></span> <span class='ocrx_word' id='word_1_272' title='bbox 661 3391 734 3441; x_wconf 89' lang='lat' dir='ltr'><strong>rent,</strong></span> <span class='ocrx_word' id='word_1_273' title='bbox 752 3399 802 3451; x_wconf 90' lang='lat' dir='ltr'><strong>quo</strong></span> <span class='ocrx_word' id='word_1_274' title='bbox 820 3379 920 3432; x_wconf 82' lang='lat' dir='ltr'><strong>ridendi</strong></span> <span class='ocrx_word' id='word_1_275' title='bbox 933 3378 983 3431; x_wconf 87' lang='lat' dir='ltr'><strong>sibi</strong></span> <span class='ocrx_word' id='word_1_276' title='bbox 1000 3377 1130 3430; x_wconf 67' lang='lat' dir='ltr'><strong>maurium</strong></span> <span class='ocrx_word' id='word_1_277' title='bbox 1144 3397 1173 3428; x_wconf 83' lang='lat' dir='ltr'><strong>ex</strong></span> 
     </span>
     <span class='ocr_line' id='line_1_31' title="bbox 102 3451 1173 3530; baseline 0.004 -26"><span class='ocrx_word' id='word_1_278' title='bbox 102 3451 213 3505; x_wconf 83' lang='lat' dir='ltr'><strong>Neronis</strong></span> <span class='ocrx_word' id='word_1_279' title='bbox 226 3453 331 3508; x_wconf 86' lang='lat' dir='ltr'><strong>domum</strong></span> <span class='ocrx_word' id='word_1_280' title='bbox 342 3475 458 3523; x_wconf 84' lang='lat' dir='ltr'><strong>suresrn,</strong></span> <span class='ocrx_word' id='word_1_281' title='bbox 472 3479 548 3530; x_wconf 75' lang='lat' dir='ltr'><strong>qnam</strong></span> <span class='ocrx_word' id='word_1_282' title='bbox 561 3461 582 3514; x_wconf 69' lang='lat' dir='ltr'><strong>is</strong></span> <span class='ocrx_word' id='word_1_283' title='bbox 597 3485 612 3516; x_wconf 58' lang='grc' dir='ltr'>ι</span> <span class='ocrx_word' id='word_1_284' title='bbox 663 3475 751 3510; x_wconf 85' lang='lat' dir='ltr'><strong>eorum</strong></span> <span class='ocrx_word' id='word_1_285' title='bbox 771 3457 884 3510; x_wconf 85' lang='lat' dir='ltr'><strong>moribus</strong></span> <span class='ocrx_word' id='word_1_286' title='bbox 902 3457 1010 3525; x_wconf 77' lang='lat' dir='ltr'><strong>risitque</strong></span> <span class='ocrx_word' id='word_1_287' title='bbox 1029 3468 1148 3527; x_wconf 77' lang='lat' dir='ltr'><strong>pararent</strong></span> <span class='ocrx_word' id='word_1_288' title='bbox 1165 3472 1173 3507; x_wconf 80' lang='lat' dir='ltr'><strong>t</strong></span> 
     </span>
     <span class='ocr_line' id='line_1_32' title="bbox 102 3531 1172 3608; baseline 0 -24"><span class='ocrx_word' id='word_1_289' title='bbox 102 3531 202 3584; x_wconf 79' lang='lat' dir='ltr'><strong>Paletio</strong></span> <span class='ocrx_word' id='word_1_290' title='bbox 215 3532 344 3603; x_wconf 80' lang='lat' dir='ltr'><strong>Esquilias</strong></span> <span class='ocrx_word' id='word_1_291' title='bbox 360 3553 438 3606; x_wconf 80' lang='lat' dir='ltr'><strong>usque</strong></span> <span class='ocrx_word' id='word_1_292' title='bbox 451 3537 523 3600; x_wconf 86' lang='lat' dir='ltr'><strong>lecit,</strong></span> <span class='ocrx_word' id='word_1_293' title='bbox 540 3539 610 3592; x_wconf 84' lang='lat' dir='ltr'><strong>Suet.</strong></span> <span class='ocrx_word' id='word_1_294' title='bbox 663 3537 775 3607; x_wconf 77' lang='lat' dir='ltr'><strong>exemplo</strong></span> <span class='ocrx_word' id='word_1_295' title='bbox 790 3537 840 3588; x_wconf 90' lang='lat' dir='ltr'><strong>sint</strong></span> <span class='ocrx_word' id='word_1_296' title='bbox 857 3557 887 3588; x_wconf 83' lang='lat' dir='ltr'><strong>ex</strong></span> <span class='ocrx_word' id='word_1_297' title='bbox 901 3535 1049 3608; x_wconf 73' lang='lat' dir='ltr'><strong>antiquitate</strong></span> <span class='ocrx_word' id='word_1_298' title='bbox 1060 3533 1172 3606; x_wconf 81' lang='lat' dir='ltr'><strong>plerique</strong></span> 
     </span>
     <span class='ocr_line' id='line_1_33' title="bbox 101 3607 1174 3680; baseline 0.004 -20"><span class='ocrx_word' id='word_1_299' title='bbox 101 3629 124 3664; x_wconf 87' lang='lat' dir='ltr'><strong>e.</strong></span> <span class='ocrx_word' id='word_1_300' title='bbox 138 3607 167 3659; x_wconf 80' lang='lat'><strong>31</strong></span> <span class='ocrx_word' id='word_1_301' title='bbox 183 3623 307 3664; x_wconf 77' lang='lat' dir='ltr'><strong>uertente.</strong></span> <span class='ocrx_word' id='word_1_302' title='bbox 661 3614 874 3680; x_wconf 71' lang='lat' dir='ltr'><strong>Ptolemoeorum,</strong></span> <span class='ocrx_word' id='word_1_303' title='bbox 892 3627 920 3666; x_wconf 87' lang='lat' dir='ltr'><strong>ut</strong></span> <span class='ocrx_word' id='word_1_304' title='bbox 936 3612 1086 3666; x_wconf 76' lang='lat' dir='ltr'><strong>recentiores</strong></span> <span class='ocrx_word' id='word_1_305' title='bbox 1099 3611 1174 3664; x_wconf 88' lang='lat' dir='ltr'><strong>omit·</strong></span> 
     </span>
     <span class='ocr_line' id='line_1_34' title="bbox 134 3689 1174 3766; baseline 0.002 -25"><span class='ocrx_word' id='word_1_306' title='bbox 134 3689 181 3741; x_wconf 79' lang='lat' dir='ltr'><strong>xl.</strong></span> <span class='ocrx_word' id='word_1_307' title='bbox 193 3692 264 3742; x_wconf 73' lang='lat' dir='ltr'><strong>Atto.</strong></span> <span class='ocrx_word' id='word_1_308' title='bbox 284 3689 350 3758; x_wconf 69' lang='lat' dir='ltr'><strong>Qun</strong></span> <span class='ocrx_word' id='word_1_309' title='bbox 368 3691 430 3744; x_wconf 75' lang='lat' dir='ltr'><strong>elisit</strong></span> <span class='ocrx_word' id='word_1_310' title='bbox 445 3693 611 3763; x_wconf 83' lang='lat' dir='ltr'><strong>Demetrius,</strong></span> <span class='ocrx_word' id='word_1_311' title='bbox 662 3703 713 3744; x_wconf 75' lang='lat' dir='ltr'><strong>tant</strong></span> <span class='ocrx_word' id='word_1_312' title='bbox 731 3690 789 3745; x_wconf 79' lang='lat' dir='ltr'><strong>satis</strong></span> <span class='ocrx_word' id='word_1_313' title='bbox 805 3705 885 3746; x_wconf 86' lang='lat' dir='ltr'><strong>notos.</strong></span> <span class='ocrx_word' id='word_1_314' title='bbox 903 3691 1013 3766; x_wconf 74' lang='lat' dir='ltr'><strong>Egregie</strong></span> <span class='ocrx_word' id='word_1_315' title='bbox 1030 3703 1115 3744; x_wconf 83' lang='lat' dir='ltr'><strong>tsmen</strong></span> <span class='ocrx_word' id='word_1_316' title='bbox 1132 3689 1174 3743; x_wconf 84' lang='lat' dir='ltr'><strong>hie</strong></span> 
     </span>
     <span class='ocr_line' id='line_1_35' title="bbox 101 3767 1173 3843; baseline 0.001 -24"><span class='ocrx_word' id='word_1_317' title='bbox 101 3767 163 3841; x_wconf 84' lang='lat' dir='ltr'><strong>ipsis</strong></span> <span class='ocrx_word' id='word_1_318' title='bbox 175 3768 246 3820; x_wconf 80' lang='lat' dir='ltr'><strong>lectis</strong></span> <span class='ocrx_word' id='word_1_319' title='bbox 263 3771 345 3822; x_wconf 79' lang='lat' dir='ltr'><strong>refert.</strong></span> <span class='ocrx_word' id='word_1_320' title='bbox 361 3769 486 3824; x_wconf 86' lang='lat' dir='ltr'><strong>Demetrii</strong></span> <span class='ocrx_word' id='word_1_321' title='bbox 499 3793 546 3826; x_wconf 74' lang='lat' dir='ltr'><strong>vor</strong></span> <span class='ocrx_word' id='word_1_322' title='bbox 560 3774 614 3828; x_wconf 78' lang='lat' dir='ltr'><strong>clu-</strong></span> <span class='ocrx_word' id='word_1_323' title='bbox 661 3769 788 3842; x_wconf 83' lang='lat' dir='ltr'><strong>Cynicus,</strong></span> <span class='ocrx_word' id='word_1_324' title='bbox 804 3789 882 3843; x_wconf 87' lang='lat' dir='ltr'><strong>opum</strong></span> <span class='ocrx_word' id='word_1_325' title='bbox 897 3781 1074 3842; x_wconf 78' lang='lat' dir='ltr'><strong>contemptor,</strong></span> <span class='ocrx_word' id='word_1_326' title='bbox 1091 3781 1173 3842; x_wconf 78' lang='lat' dir='ltr'><strong>partes</strong></span> 
     </span>
     <span class='ocr_line' id='line_1_36' title="bbox 100 3844 1171 3922; baseline 0.004 -24"><span class='ocrx_word' id='word_1_327' title='bbox 100 3856 175 3898; x_wconf 77' lang='lat' dir='ltr'><strong>cents</strong></span> <span class='ocrx_word' id='word_1_328' title='bbox 186 3844 271 3898; x_wconf 75' lang='lat' dir='ltr'><strong>obluta</strong></span> <span class='ocrx_word' id='word_1_329' title='bbox 283 3867 298 3898; x_wconf 86' lang='lat' dir='ltr'><strong>e</strong></span> <span class='ocrx_word' id='word_1_330' title='bbox 311 3845 374 3899; x_wconf 82' lang='lat' dir='ltr'><strong>Csio</strong></span> <span class='ocrx_word' id='word_1_331' title='bbox 388 3849 546 3922; x_wconf 76' lang='lat' dir='ltr'><strong>denegantis.</strong></span> <span class='ocrx_word' id='word_1_332' title='bbox 661 3869 716 3903; x_wconf 83' lang='lat' dir='ltr'><strong>suas</strong></span> <span class='ocrx_word' id='word_1_333' title='bbox 734 3851 812 3904; x_wconf 90' lang='lat' dir='ltr'><strong>tuitus</strong></span> <span class='ocrx_word' id='word_1_334' title='bbox 834 3863 877 3904; x_wconf 86' lang='lat' dir='ltr'><strong>est.</strong></span> <span class='ocrx_word' id='word_1_335' title='bbox 891 3853 946 3904; x_wconf 83' lang='lat' dir='ltr'><strong>Nec</strong></span> <span class='ocrx_word' id='word_1_336' title='bbox 965 3850 1037 3904; x_wconf 79' lang='lat' dir='ltr'><strong>aliter</strong></span> <span class='ocrx_word' id='word_1_337' title='bbox 1059 3850 1171 3913; x_wconf 73' lang='lat' dir='ltr'><strong>Seneca,</strong></span> 
     </span>
     <span class='ocr_line' id='line_1_37' title="bbox 134 3925 1171 4001; baseline 0.002 -25"><span class='ocrx_word' id='word_1_338' title='bbox 134 3925 301 3978; x_wconf 81' lang='lat' dir='ltr'><strong>2.C·Ccesor.</strong></span> <span class='ocrx_word' id='word_1_339' title='bbox 312 3927 394 3978; x_wconf 79' lang='lat' dir='ltr'><strong>Caius</strong></span> <span class='ocrx_word' id='word_1_340' title='bbox 404 3929 430 3978; x_wconf 84' lang='lat' dir='ltr'><strong>C.</strong></span> <span class='ocrx_word' id='word_1_341' title='bbox 439 3927 511 3980; x_wconf 88' lang='lat' dir='ltr'><strong>Pinc.</strong></span> <span class='ocrx_word' id='word_1_342' title='bbox 521 3927 613 4001; x_wconf 78' lang='lat' dir='ltr'><strong>adjecit</strong></span> <span class='ocrx_word' id='word_1_343' title='bbox 661 3928 778 3998; x_wconf 77' lang='lat' dir='ltr'><strong>quemvis</strong></span> <span class='ocrx_word' id='word_1_344' title='bbox 800 3927 979 3982; x_wconf 82' lang='lat' dir='ltr'><strong>ditissimorum</strong></span> <span class='ocrx_word' id='word_1_345' title='bbox 1000 3947 1080 3994; x_wconf 88' lang='lat' dir='ltr'><strong>nnus,</strong></span> <span class='ocrx_word' id='word_1_346' title='bbox 1102 3926 1171 4000; x_wconf 81' lang='lat' dir='ltr'><strong>egit:</strong></span> 
     </span>
     <span class='ocr_line' id='line_1_38' title="bbox 101 4002 1172 4078; baseline -0.002 -22"><span class='ocrx_word' id='word_1_347' title='bbox 101 4025 116 4056; x_wconf 90' lang='lat' dir='ltr'><strong>e</strong></span> <span class='ocrx_word' id='word_1_348' title='bbox 126 4002 358 4074; x_wconf 69' lang='lat' dir='ltr'><strong>conjectumrecte</strong></span> <span class='ocrx_word' id='word_1_349' title='bbox 368 4007 497 4076; x_wconf 81' lang='lat' dir='ltr'><strong>:quemvis</strong></span> <span class='ocrx_word' id='word_1_350' title='bbox 504 4009 531 4060; x_wconf 90' lang='lat' dir='ltr'><strong>in</strong></span> <span class='ocrx_word' id='word_1_351' title='bbox 540 4007 611 4061; x_wconf 88' lang='lat' dir='ltr'><strong>nullo</strong></span> <span class='ocrx_word' id='word_1_352' title='bbox 661 4005 753 4078; x_wconf 84' lang='lat' dir='ltr'><strong>quippe</strong></span> <span class='ocrx_word' id='word_1_353' title='bbox 769 4006 823 4077; x_wconf 86' lang='lat' dir='ltr'><strong>qui,</strong></span> <span class='ocrx_word' id='word_1_354' title='bbox 837 4007 926 4059; x_wconf 86' lang='lat' dir='ltr'><strong>Tscito</strong></span> <span class='ocrx_word' id='word_1_355' title='bbox 943 4008 1012 4058; x_wconf 78' lang='lat' dir='ltr'><strong>Ann.</strong></span> <span class='ocrx_word' id='word_1_356' title='bbox 1027 4009 1074 4073; x_wconf 69' lang='lat'><strong>14,</strong></span> <span class='ocrx_word' id='word_1_357' title='bbox 1088 4009 1120 4059; x_wconf 77' lang='lat'><strong>52</strong></span> <span class='ocrx_word' id='word_1_358' title='bbox 1132 4023 1172 4074; x_wconf 82' lang='lat' dir='ltr'><strong>sq.</strong></span> 
     </span>
     <span class='ocr_line' id='line_1_39' title="bbox 102 4081 1172 4157; baseline -0.002 -23"><span class='ocrx_word' id='word_1_359' title='bbox 102 4081 168 4134; x_wconf 80' lang='lat' dir='ltr'><strong>cod.</strong></span> <span class='ocrx_word' id='word_1_360' title='bbox 184 4101 241 4134; x_wconf 85' lang='lat' dir='ltr'><strong>mss.</strong></span> <span class='ocrx_word' id='word_1_361' title='bbox 259 4087 502 4157; x_wconf 76' lang='lat' dir='ltr'><strong>appetet-Caius</strong></span> <span class='ocrx_word' id='word_1_362' title='bbox 520 4088 614 4141; x_wconf 77' lang='lat' dir='ltr'><strong>Coesnr</strong></span> <span class='ocrx_word' id='word_1_363' title='bbox 660 4085 943 4148; x_wconf 76' lang='lat' dir='ltr'><strong>referente,omuiasua</strong></span> <span class='ocrx_word' id='word_1_364' title='bbox 950 4084 1049 4139; x_wconf 83' lang='lat' dir='ltr'><strong>Neroni</strong></span> <span class='ocrx_word' id='word_1_365' title='bbox 1064 4082 1172 4136; x_wconf 77' lang='lat' dir='ltr'><strong>traditu·-</strong></span> 
     </span>
     <span class='ocr_line' id='line_1_40' title="bbox 101 4158 1170 4232; baseline 0 -20"><span class='ocrx_word' id='word_1_366' title='bbox 101 4158 227 4232; x_wconf 72' lang='lat' dir='ltr'><strong>Cnligule.</strong></span> <span class='ocrx_word' id='word_1_367' title='bbox 660 4181 703 4213; x_wconf 85' lang='lat' dir='ltr'><strong>rus</strong></span> <span class='ocrx_word' id='word_1_368' title='bbox 714 4173 766 4214; x_wconf 79' lang='lat' dir='ltr'><strong>eret</strong></span> <span class='ocrx_word' id='word_1_369' title='bbox 776 4179 783 4214; x_wconf 77' lang='lat' dir='ltr'><strong>t</strong></span> <span class='ocrx_word' id='word_1_370' title='bbox 794 4161 838 4215; x_wconf 75' lang='lat' dir='ltr'><strong>secl</strong></span> <span class='ocrx_word' id='word_1_371' title='bbox 850 4163 878 4215; x_wconf 91' lang='lat' dir='ltr'><strong>in</strong></span> <span class='ocrx_word' id='word_1_372' title='bbox 894 4161 961 4214; x_wconf 88' lang='lat' dir='ltr'><strong>libro</strong></span> <span class='ocrx_word' id='word_1_373' title='bbox 975 4161 1007 4214; x_wconf 77' lang='lat' dir='ltr'><strong>tle</strong></span> <span class='ocrx_word' id='word_1_374' title='bbox 1021 4161 1080 4213; x_wconf 76' lang='lat' dir='ltr'><strong>virs</strong></span> <span class='ocrx_word' id='word_1_375' title='bbox 1092 4160 1170 4213; x_wconf 83' lang='lat' dir='ltr'><strong>Bests</strong></span> 
     </span>
     <span class='ocr_line' id='line_1_41' title="bbox 136 4235 1093 4313; baseline -0.002 -21"><span class='ocrx_word' id='word_1_376' title='bbox 136 4235 160 4291; x_wconf 81' lang='lat'><strong>3·</strong></span> <span class='ocrx_word' id='word_1_377' title='bbox 172 4235 307 4304; x_wconf 70' lang='grc' dir='ltr'><strong><em>Βυαηω,</em></strong></span> <span class='ocrx_word' id='word_1_378' title='bbox 323 4258 413 4313; x_wconf 87' lang='lat' dir='ltr'><strong>nempe</strong></span> <span class='ocrx_word' id='word_1_379' title='bbox 429 4237 508 4294; x_wconf 84' lang='lat' dir='ltr'><strong>millis</strong></span> <span class='ocrx_word' id='word_1_380' title='bbox 518 4253 612 4294; x_wconf 85' lang='lat' dir='ltr'><strong>sester-</strong></span> <span class='ocrx_word' id='word_1_381' title='bbox 661 4237 729 4292; x_wconf 80' lang='lat' dir='ltr'><strong>hune</strong></span> <span class='ocrx_word' id='word_1_382' title='bbox 742 4239 857 4294; x_wconf 74' lang='lat' dir='ltr'><strong>animum</strong></span> <span class='ocrx_word' id='word_1_383' title='bbox 868 4241 967 4311; x_wconf 71' lang='lat' dir='ltr'><strong>egregie</strong></span> <span class='ocrx_word' id='word_1_384' title='bbox 977 4239 1093 4294; x_wconf 74' lang='lat' dir='ltr'><strong>ostendit.</strong></span> 
     </span>
    </p>
   </div>
   <div class='ocr_carea' id='block_1_4' title="bbox 0 0 1487 4938">
    <p class='ocr_par' dir='ltr' id='par_1_5' title="bbox 0 0 1487 4938">
     <span class='ocr_line' id='line_1_42' title="bbox 0 0 1487 4938; baseline 0 0"><span class='ocrx_word' id='word_1_385' title='bbox 0 0 1487 4938; x_wconf 95' lang='lat' dir='ltr'><strong> </strong></span> 
     </span>
    </p>
   </div>
  </div>
 </body>
</html>
