2978 4942
341 465 344 472 ·
434 471 531 540 nto.
558 472 613 556 ν,
641 471 749 538 oar.
776 471 827 538 11.
1105 477 1166 545 ss.

149 603 197 670 ll.
218 599 308 670 lllud
321 603 439 694 utiquc
453 602 554 670 urtice
569 601 631 669 tibi
644 600 756 695 placet
770 653 779 685 ,
797 601 891 698 velut
908 604 1088 698 magnifice
1101 605 1175 675 ‹tic-

99 735 173 787 tum
190 745 198 785 :
215 720 333 812 Turpe
347 717 589 786 est'bencliciis
603 717 706 785 vinci.
721 717 825 811 Quod
837 743 881 788 an
895 719 939 787 sit
953 737 1091 805 retum,
1106 747 1175 791 non

100 836 272 903 immerito
297 835 403 927 quaeri
426 833 533 902 solet¹
544 885 556 918 ,
577 834 747 927 longeque
763 833 858 903 aliud
875 850 927 905 est
941 861 1043 927 quam
1062 854 1175 908 mente
1238 895 1242 900 .

101 953 267 1046 concipis.
294 953 476 1042 Nunquam
500 952 590 1019 enim
614 953 652 1019 in
668 975 783 1020 rerum
801 951 1040 1022 honestarum²
1064 971 1177 1023 certa-

103 1071 197 1137 mine
213 1069 367 1162 superari
388 1083 488 1162 turpe
506 1083 579 1150 est,
599 1064 781 1136 dummodo
795 1091 888 1137 arma
904 1092 973 1137 non
992 1071 1174 1164 projicias,

103 1199 140 1252 et
151 1183 264 1250 victus
277 1205 415 1273 quoque
427 1180 512 1250 velis
525 1182 676 1250 vincere.
691 1183 767 1248 Non
775 1203 892 1250 omnes
903 1181 948 1250 ad
960 1183 1086 1252 bonurn
1099 1207 1180 1277 pro-
1203 1208 1218 1239 ²

105 1301 254 1394 positum
270 1296 406 1367 easdem
423 1298 572 1366 afferunt
587 1299 695 1378 vires,
717 1296 852 1368 eaedem
872 1298 1063 1382 facultates,
1086 1325 1180 1370 eam-

108 1419 189 1486 dem
220 1417 414 1500 fortunam,
454 1439 530 1508 quse
560 1415 766 1509 optimorum
794 1435 931 1509 quoque
962 1419 1181 1488 consiliorum
1213 1497 1215 1502 ,

106 1521 297 1602 duntaxat³
329 1531 439 1599 exitus
464 1545 642 1624 temperat.
668 1529 833 1599 Voluntas
857 1533 931 1624 ipsa
960 1549 1089 1602 rectum
1117 1558 1181 1628 pe-

105 1644 206 1718 tens⁴
226 1647 395 1717 laudanda
407 1641 499 1729 est⁵‚
516 1648 647 1716 etiamsi
671 1647 763 1716 illam
786 1648 873 1718 alius
892 1649 1002 1743 gradu
1019 1651 1183 1720 velociori

102 1768 287 1836 antecessit
319 1793 326 1833 :
359 1789 449 1849 non,
480 1780 519 1833 ut
541 1766 577 1834 in
609 1765 853 1834 certaminibus
878 1767 923 1834 ad
953 1770 1208 1861 spectaculum.
1252 1813 1286 1834 ..

102 1883 228 1962 editis,
248 1882 422 1952 meliorem
439 1881 552 1974 palma
565 1879 715 1950 declarat
734 1905 953 1975 :quanquam
970 1885 1006 1951 in
1023 1883 1091 1952 illis
1102 1909 1185 1977 quo-

103 2025 174 2094 que
192 2023 282 2094 saepe
300 1996 509 2068 deteriorem
522 1997 674 2091 praetulit
687 2021 784 2066 casus
795 1989 821 2066 ⁶.
840 1997 908 2068 Ubi
923 1998 966 2068 de
983 1999 1097 2070 officio
1110 2004 1185 2096 agi·
1208 2023 1224 2075 3

104 2222 197 2296 potnit.
210 2240 292 2292 quum
302 2220 383 2288 magis
402 2217 531 2282 demota,
545 2237 621 2288 quam
705 2217 729 2270 3·
742 2217 890 2274 Dunteeet
903 2233 956 2274 erat
971 2242 1019 2274 roa
1038 2223 1124 2297 Lipeio
1136 2243 1188 2277 sus·

105 2297 623 2374 deproperationeh.l.eermoeit.l‘roinde
655 2299 1188 2369 'pecta,etquumejuecodexdivisimseri·

105 2373 622 2446 eeosl.Naa.pmspemverisrevoeandnnt
673 2373 742 2426 beret
757 2375 821 2426 don
834 2384 936 2444 texat,
952 2376 1001 2430 ltoc
1018 2379 1135 2450 pretulit.
1154 2383 1189 2432 tt

105 2468 175 2521 erat,
189 2454 275 2528 inquo
286 2453 365 2508 verlto
382 2453 467 2506 neacio
480 2453 536 2526 quia
548 2452 623 2506 obelo
674 2449 806 2504 Gronorio
816 2453 953 2518 assentior,
965 2455 1030 2509 nihil
1044 2458 1151 2530 suspecti
1162 2458 1190 2510 lt.

105 2535 134 2586 in
154 2533 243 2587 codice
263 2533 401 2586 confixerat
420 2533 448 2584 ela
460 2550 494 2596 a,
513 2531 623 2594 Grutero
673 2529 691 2582 l.
705 2549 757 2583 eece
774 2529 906 2598 judicanti.
920 2531 986 2584 Nam
999 2536 1137 2588 duntaxat
1146 2535 1189 2590 laic

104 2623 234 2676 manante,
243 2623 270 2663 ut
277 2610 336 2664 inde
344 2609 415 2664 fieret
422 2612 624 2678 properaveris.»
674 2628 727 2660 eon
737 2611 1026 2676 esttentummodo,eed
1034 2617 1129 2668 saltem
1136 2651 1144 2681 ‚
1156 2613 1190 2666 ad

104 2690 140 2741 Et
156 2689 335 2763 interpretatur
349 2711 363 2737 e
374 2687 398 2741 ei
409 2688 469 2750 ieta,
490 2705 566 2762 quarn
578 2685 625 2738 tibi
675 2685 810 2738 minimum
822 2706 829 2750 3
839 2685 861 2738 ei
869 2686 936 2739 nihil
944 2687 1013 2740 aliud
1021 2727 1028 2753 ,
1037 2702 1102 2743 certe
1111 2690 1190 2743 exitus

105 2769 296 2843 praeripeieti,
313 2787 404 2822 norma
422 2767 527 2841 legeque
541 2765 625 2820 oderis
675 2776 810 2838 temperat,
824 2765 1006 2838 reqitlortnna.
1019 2767 1061 2821 Sic
1073 2787 1138 2841 eaepc
1151 2790 1191 2822 oc·

107 2861 185 2920 atque
195 2847 229 2900 ita
236 2865 353 2920 prospera
362 2847 450 2901 leceris
458 2884 465 2912 ‚
474 2846 527 2898 eive
536 2845 563 2898 in
573 2844 626 2897 vir-
676 2843 770 2908 currit,
780 2863 802 2896 e.
820 2863 842 2895 c.
851 2845 955 2899 Sueten.
967 2847 1034 2917 Aug.
1045 2845 1087 2898 oo.
1097 2847 1191 2899 Noster

107 2940 176 2980 tutea
193 2924 338 2978 mutaveris.
354 2947 368 2972 a
382 2925 448 2994 Quo
460 2923 535 2976 lectio
548 2941 626 2993 quum
677 2921 752 2974 habet
766 2921 822 2975 cod.
840 2942 933 2986 sensu,
948 2923 1027 2998 Epist.
1046 2940 1132 2989 tvm,
1151 2925 1191 2978 33.

109 3024 201 3080 parum
212 3003 314 3078 probata
322 3015 347 3056 et
357 3000 528 3076 interpretatio
537 3019 628 3070 parum
678 3001 746 3054 l’lin.
758 3003 822 3075 Epp.
834 3019 851 3055 v
862 3040 869 3066 ,
882 3001 907 3057 6.

111 3085 245 3160 perspicua
267 3082 341 3136 nobie
361 3081 510 3145 videretur,
533 3078 630 3132 Mureti
710 3081 734 3145 4.
751 3081 882 3134 Voluntas
899 3086 969 3148 r'pso'
981 3093 1077 3136 rectum
1095 3095 1192 3151 petens.

112 3165 171 3217 leet.
182 3162 335 3216 servavimus
350 3181 407 3232 que
418 3179 475 3214 cum
489 3159 631 3234 precedere·
678 3157 712 3209 ll.
723 3177 746 3210 e.
756 3158 864 3211 tendens
875 3159 906 3210 ad
917 3159 1044 3212 virtutem.

113 3243 184 3297 tiltne
192 3243 286 3315 optime
297 3241 430 3296 consentit.
712 3237 737 3288 5.
747 3235 901 3288 badarado
913 3247 959 3288 eat.
972 3239 1069 3290 Notum
1080 3251 1116 3290 eet
1129 3239 1194 3291 illud

150 3321 185 3372 ll.
198 3324 267 3374 Atto.
283 3321 345 3373 Non
359 3331 430 3392 turpe
442 3317 631 3372 eeeelteneliciie
681 3315 771 3367 Ovidii
781 3317 856 3367 Pont.
867 3316 918 3382 lll,
934 3317 965 3382 4,
982 3337 1014 3385 7⁹
1027 3335 1033 3369 :
1048 3339 1061 3364 a
1073 3330 1101 3370 ut
1112 3319 1194 3371 desint

115 3395 203 3466 vinei,
214 3397 459 3468 demonstratosque
467 3398 499 3451 ad
509 3417 562 3470 cap.
571 3397 632 3450 Vll.
682 3394 762 3459 vim,
775 3406 859 3446 tamen
870 3407 906 3446 eet
915 3393 1043 3447 laudanda
1054 3397 1195 3449 voluntas.»

115 3475 178 3530 Hoc
192 3496 254 3534 vero
268 3473 329 3528 dicit
346 3475 444 3530 duabus
462 3473 536 3528 rebus
549 3474 634 3526 bene·
682 3471 757 3524 Haud
781 3472 889 3524 multum
913 3472 1014 3525 abludit
1036 3475 1194 3528 Kantianurn

115 3553 207 3608 ficium
226 3565 352 3620 teneura,
373 3553 473 3614 animo,
488 3572 514 3604 re
528 3569 535 3604 :
547 3551 634 3604 animo
683 3550 777 3621 dogma
792 3550 901 3602 :bonam
915 3550 1071 3604 voluntatem
1085 3553 1112 3604 in
1130 3573 1197 3605 con-

117 3631 226 3702 quidem
238 3631 307 3684 vinci
319 3651 372 3684 non
384 3631 503 3684 dccet-um
516 3648 523 3692 ;
537 3629 581 3682 aed
593 3648 634 3695 re,
684 3628 750 3680 siliis
763 3629 855 3681 nostrie
874 3629 962 3702 magni
983 3648 1035 3683 esse
1052 3631 1196 3684 faciendam

120 3731 176 3766 non
193 3725 273 3784 turpe.
288 3710 365 3763 Multi
382 3711 451 3764 enim
466 3721 566 3782 gratum
579 3709 637 3760 aui·
686 3717 711 3759 ot
724 3705 841 3778 principii
852 3706 910 3758 loeo
921 3705 1075 3760 habendam.

119 3809 195 3844 mum
218 3788 328 3854 babent,
348 3809 394 3841 nee
416 3799 520 3860 possunt
536 3785 634 3855 testari,
719 3783 744 3838 6.
755 3784 815 3836 Non
828 3784 1068 3837 ut...„..eesus.·ibi
1080 3805 1133 3836 non
1147 3806 1199 3838 vo-

119 3867 238 3921 obetante
252 3867 362 3920 loetum.
688 3862 784 3926 luntas,
793 3861 838 3913 aed
848 3862 942 3913 sactum
954 3862 1036 3933 ipsum
1046 3861 1126 3914 vincit
1137 3880 1198 3914 :co-

158 3967 182 3999 ι.
198 3943 312 4016 Quod...
324 3948 411 4016 quoeri
422 3947 502 4011 solet,
512 3942 579 3996 ltaud
591 3943 638 3995 du·
687 3960 733 3994 sus
747 3954 830 3993 tamen
841 3980 848 4006 ‚
861 3959 883 3990 e.
899 3959 920 3991 c.
934 3939 1022 3992 fractio
1039 3959 1139 4004 currus,
1153 3939 1199 3991 de-

121 4025 167 4076 oie
180 4023 207 4075 iu
220 4022 317 4096 scriptia
328 4020 472 4091 ecltolisquc
484 4020 637 4085 Stoicorum,
688 4018 771 4071 cidere
781 4029 867 4091 potest.
876 4016 999 4090 Exempla
1008 4017 1051 4069 dat
1061 4015 1198 4070 Pausaniae

121 4125 146 4156 e.
162 4122 185 4154 c.
198 4099 336 4153 lleeatonie
350 4099 395 4152 rel.
690 4097 716 4150 in
730 4095 833 4149 historia
846 4095 1028 4149 Arrltachionia
1041 4107 1066 4146 et
1078 4095 1177 4150 Creueae
1190 4137 1197 4160 ‚

159 4199 184 4230 e.
197 4177 259 4230 Rer.
272 4177 401 4230 Mnester.
413 4174 521 4246 ideoque
534 4174 639 4229 0tfici0-
688 4174 731 4226 lib.
744 4173 825 4239 Vlll,
846 4173 886 4238 lo.
904 4173 962 4225 Atia
981 4172 1038 4224 vide
1055 4192 1093 4246 ap.
1110 4173 1139 4224 P.
1153 4171 1199 4226 17η-

122 4275 199 4320 rum,
213 4273 270 4325 quae
280 4255 340 4306 inde
353 4254 469 4327 pendeat.
689 4253 762 4334 hrum
777 4251 804 4304 in
817 4251 958 4323 Agonietic.
972 4250 1018 4306 lib.
1031 4250 1046 4302 3
1059 4251 1158 4326 passim.
