2990 4942
312 429 374 515 130
466 427 534 496 ao
559 427 811 496 uinctam
835 425 1195 498 consummo.
1232 373 1236 381 ¹

306 553 470 648 pabulum
484 559 514 636 ¹‚.
526 551 709 646 cujuslibet
720 554 857 622 victima
868 580 878 640 3
890 575 931 622 ea
946 553 1092 622 infirmis
1102 552 1288 645 lluidiaque
1300 577 1382 622 con·

307 686 452 754 textum,
474 685 510 738 et
533 669 748 752 lineamentis
771 669 996 738 exterioribus
1020 667 1193 758 nitidum3
1217 669 1377 765 frigoris,

306 800 425 867 aestus,
447 785 573 854 laboris
590 786 770 878 impatiens
785 814 795 871 3
813 787 887 880 ipso
903 787 1102 856 rumussitu
1116 802 1151 855 et
1167 787 1235 856 otio
1248 787 1379 856 iturum

307 901 345 968 in
368 899 501 982 tabem,
519 900 680 969 alimenta
696 915 944 981 metuentem,
964 921 1109 991 quorum
1131 899 1230 969 modo
1246 902 1377 994 inopia,

307 1016 406 1087 modo
419 1019 517 1112 copia
529 1019 712 1110 rumpitur3
726 1017 835 1086 anxiae
851 1016 1074 1110 sollicitasque
1087 1018 1215 1101 tutelas,
1230 1022 1380 1113 precarii

307 1137 468 1230 spiritus,
492 1151 527 1204 et
544 1135 631 1204 male
647 1135 828 1217 harentia,
849 1159 951 1228 quem
975 1159 1082 1228 pavor
1094 1139 1297 1231 repentinus
1315 1137 1380 1206 ad·

303 1252 456 1344 jectusve
482 1275 528 1320 exv
550 1252 734 1345 improviso
751 1255 763 1286 ¹
783 1275 885 1322 sonus
904 1251 1046 1320 auribus
1072 1255 1185 1347 gravis
1209 1255 1339 1322 excutit
1365 1285 1376 1343 3

266 1376 282 1429 3
307 1365 370 1434 soli
383 1389 518 1459 semper
532 1366 597 1434 sibi
608 1367 853 1434 nutrimentum
873 1365 1029 1435 vitiosum
1043 1382 1078 1434 et
1089 1366 1210 1435 inutile'
1225 1359 1250 1433 ³.
1264 1369 1379 1436 Mira·-

307 1507 384 1552 mur
398 1477 410 1526 ⁴
427 1483 463 1550 in
477 1481 542 1550 boc
555 1497 698 1552 mortem
710 1483 830 1564 unius,
848 1507 915 1575 qua
925 1482 1069 1576 singulis
1082 1507 1167 1576 opus
1181 1486 1259 1561 est?
1270 1488 1379 1554 Num-

305 1596 391 1690 quid
409 1599 499 1666 enim
517 1613 558 1666 ut
573 1597 753 1679 ooneidat‚
773 1621 828 1666 ros
842 1599 955 1694 magni
975 1598 1166 1668 molimenti
1183 1601 1262 1670 est?
1279 1599 1378 1671 Odor

306 1713 358 1781 illi
369 1737 560 1807 saporque,
575 1730 609 1782 et
622 1713 804 1796 lassitudo,
818 1729 853 1782 et
865 1713 1003 1807 vigilia,
1018 1731 1053 1782 et
1066 1715 1200 1798 humor,
1218 1717 1374 1800 etoibus,

304 1845 339 1898 et
355 1831 430 1899 sine
447 1831 573 1922 quihus
589 1831 704 1899 vivere
723 1854 792 1900 non
811 1846 942 1924 potest,
965 1832 1247 1902 mortiferarum.
1275 1835 1377 1926 Quo·

304 1971 441 2040 cunque
459 1971 495 2015 se
513 1961 644 2032 movet,
661 1946 868 2015 infirmitatis
885 1971 954 2015 suas
968 1949 1081 2016 statim
1094 1950 1288 2035 conscium,
1305 1975 1377 2020 non

305 2086 405 2132 omne
429 2062 549 2132 caelum
576 2062 690 2131 ferens
705 2054 739 2145 ⁵,
767 2085 931 2155 aquarum
953 2062 1187 2146 novitatibus,
1216 2080 1376 2158 stumque

303 2202 372 2246 non
389 2178 565 2246 familiaris
581 2202 687 2262 surse,
705 2193 740 2246 et
756 2178 963 2246 tenuissimis
976 2180 1088 2248 oausis
1101 2196 1203 2272 atque
1217 2181 1378 2250 offensio-

303 2291 406 2360 nibus
424 2289 636 2375 morbidum‚
665 2307 784 2385 putre,
806 2292 997 2360 causarium
1013 2284 1049 2376 ⁵,
1070 2292 1152 2361 lletu
1169 2296 1272 2363 vitam
1293 2315 1376 2364 aus·

337 2503 358 2538 ι.
378 2485 469 2557 Quum
492 2486 588 2539 bere...
607 2486 746 2553 pabulam.
763 2483 815 2537 Mi·
861 2497 1008 2539 mentorum
1021 2485 1093 2560 eopia
1107 2501 1265 2562 rumpuntur.
1275 2488 1375 2562 Lipsius

300 2561 387 2616 baem
422 2563 591 2618 Crotoniaten
616 2563 705 2637 presul
735 2561 814 2616 dnbio
861 2561 979 2617 aliterts
992 2565 1060 2617 Nam
1073 2565 1132 2620 alie
1140 2567 1375 2622 animantesetnus

300 2641 437 2716 cogitarit,
456 2643 502 2714 qui
524 2642 675 2695 athletarum
697 2642 813 2695 omnium
861 2663 875 2690 s
888 2654 912 2694 et
919 2641 984 2695 inter
1001 2663 1027 2696 ae
1039 2645 1117 2698 alunt.
1132 2647 1172 2698 An
1185 2646 1234 2702 boe
1246 2643 1310 2711 vult,
1320 2643 1375 2698 bo-

299 2721 476 2775 eeleberrimua
484 2743 563 2792 quum
575 2723 709 2793 jamsenea
717 2721 814 2774 volnis-
861 2741 875 2766 ι·
891 2721 987 2774 minem
999 2743 1014 2776 a
1024 2741 1050 2776 se
1064 2723 1163 2797 depasci
1175 2721 1295 2798 paulatim
1308 2735 1333 2774 et
1340 2723 1373 2776 ad

299 2813 336 2854 set
346 2821 424 2855 manu
438 2803 554 2856 arborem
563 2804 590 2855 in
603 2802 669 2857 silva
679 2802 809 2870 scindere,
861 2821 875 2846 ι
893 2813 1001 2852 mortem
1009 2800 1046 2854 ire
1056 2799 1086 2854 i»
1100 2803 1231 2875 bagrange
1241 2801 1373 2869 interpret.

299 2877 458 2933 intertrunei
474 2879 563 2934 fissiles
575 2893 657 2954 partas
669 2880 704 2933 ita
725 2893 811 2952 captur
859 2878 1373 2951 quin'estquepauraesaemdladlesane

299 2967 323 3008 et
336 2969 447 3010 retentus
461 2969 505 3020 eat,
518 2970 545 3010 ot
558 2956 630 3011 nullo
644 2958 721 3010 modo
735 2957 812 3011 lauer-
860 2961 1006 3011 nourriture
1016 2961 1147 3012 molseim
1156 2970 1182 3012 et
1191 2963 1356 3028 dangmme.

299 3047 337 3087 tor
345 3034 470 3102 retrabere
490 3035 598 3108 potuerit
609 3047 634 3090 et
644 3036 718 3088 v'ivus
729 3056 743 3089 a
753 3035 811 3089 l'sria
892 3036 915 3100 4.
926 3037 1088 3090 mmm...
1100 3039 1188 3108 Quum
1201 3050 1238 3089 tot
1250 3049 1371 3109 tantaque

299 3113 436 3187 discerptus
448 3113 486 3166 eit.
859 3114 925 3179 sint,
934 3133 991 3185 qnae
1002 3114 1115 3168 bominis
1122 3115 1369 3182 ritamtousnmant,

334 3214 355 3246 a·
371 3191 456 3263 Queat
465 3211 549 3261 paror
559 3196 706 3262 nperdinus
719 3193 811 3258 adiec-
859 3191 996 3257 miramur,
1004 3213 1085 3245 unum
1097 3193 1228 3246 bominem
1240 3193 1324 3260 mori,
1338 3193 1371 3246 ad

298 3281 369 3327 tum
379 3290 416 3324 ex
425 3269 694 3338 impendeamus.
705 3270 809 3343 ereouj.
859 3289 935 3341 quam
948 3273 1079 3338 (niumm)
1090 3270 1190 3343 singula
1198 3271 1313 3344 quaedem
1327 3291 1372 3324 aa·

299 3349 376 3403 dedit.
389 3349 472 3404 Codd.
486 3371 575 3424 parum
586 3350 811 3423 juvant-Quem
859 3345 1371 3423 lenti-Sicllubbopl'perspieueparum.

295 3450 394 3498 pavor,
406 3443 451 3482 ote.
465 3430 506 3482 De
526 3429 558 3482 iia
574 3430 686 3502 loquitor
698 3431 811 3503 quiani-
861 3423 1002 3495 logmnffe
1009 3425 1186 3481 meliustnous
1195 3445 1371 3480 smmum

297 3506 809 3580 meoepedeliciuntttuneetenimeeasat,
857 3506 915 3570 pris
923 3505 956 3556 de
963 3507 993 3556 la
1000 3516 1070 3557 neon
1078 3503 1143 3557 d'un
1154 3505 1264 3567 domme,
1277 3506 1373 3574 pirenei

297 3596 340 3637 aut
352 3584 379 3637 in
396 3583 559 3637 simillimum
574 3583 643 3638 letbe
661 3584 811 3655 languorem
860 3583 908 3634 elle
920 3583 1311 3652 ertinds'spenseblepourtom.

299 3665 459 3732 (ladopslas)
479 3661 565 3725 redit,
588 3683 643 3715 non
666 3663 718 3714 vita
735 3661 809 3735 ipsa,
894 3662 918 3712 5.
934 3663 992 3713 Nor
1006 3662 1204 3729 umnecoelanrl.
1218 3659 1304 3712 Nostri
1316 3679 1370 3711 na-

295 3742 341 3796 sed
351 3743 463 3814 spiritua.
859 3749 922 3792 tm
937 3739 1030 3792 curiosi
1043 3739 1109 3793 inter
1126 3739 1294 3792 bumanorum
1307 3759 1370 3791 cor-

328 3820 352 3874 3.
365 3819 465 3874 Satis...
477 3821 561 3874 sibim.
570 3823 668 3874 inutile.
678 3819 809 3871 Obscuros
858 3833 949 3892 porum
957 3816 1060 3871 virtutes
1068 3831 1210 3882 numerant,
1218 3817 1370 3889 quodomue

295 3897 379 3961 loeus,
393 3898 514 3968 quemd'e
527 3897 588 3951 luxu
601 3917 671 3969 ,quo
688 3895 807 3950 homines
857 3895 947 3950 uelum
967 3897 1035 3950 l’erre
1059 3896 1182 3960 valeant,
1212 3895 1370 3964 experientia

294 3995 383 4050 eorpus
400 3995 473 4029 auum
489 3975 614 4050 perdunt,
635 3978 805 4049 interpretor,
856 3973 1005 4048 quotidiana
1022 3972 1182 4048 approbante.

294 4072 393 4107 memor
407 4053 456 4108 loci
470 4055 498 4106 in
514 4052 618 4106 Consul.
631 4054 663 4107 sd
679 4052 755 4106 Helv.
774 4073 805 4124 9:
888 4049 912 4106 b.
926 4053 1090 4116 Cauterium,
1100 4050 1116 4103 i.
1127 4050 1288 4114 morbidum,
1297 4047 1370 4101 inlir·

294 4141 403 4185 vomunt
412 4145 439 4184 ut
450 4133 525 4188 edant
535 4171 543 4196 ,
554 4132 648 4197 edunt,
658 4146 806 4186 ntvomont.
856 4149 927 4184 mutu
937 4147 943 4182 :
953 4128 1037 4202 bipsio
1049 4129 1152 4182 debetur
1160 4129 1215 4182 bae
1225 4126 1310 4180 lertio.
1317 4129 1370 4178 An·

294 4209 359 4264 atis
376 4212 447 4264 enim
458 4209 600 4264 animantes
612 4229 745 4281 nunquam
761 4209 808 4262 ali·
856 4221 895 4263 tea
911 4227 918 4262 ε
935 4227 1024 4263 caran
1037 4223 1094 4280 :ap
1107 4207 1203 4260 Erum.
1215 4223 1367 4276 earam,
