2976 4944
492 471 665 544 CAPUT
690 472 743 538 ΙΙ.
1118 467 1154 532 13

87 617 153 684 lum
177 626 228 680 est
255 612 409 704 gratius,
433 621 561 699 quanto
588 601 624 670 id
648 600 844 670 honestior¹
873 596 964 665 lecit.
985 597 1062 664 Non
1079 607 1199 662 sunto

88 731 171 809 ista,
187 747 264 816 quae
277 736 422 816 possunt
436 721 587 788 Deorum
605 717 642 782 iu
661 739 696 783 sc
713 713 845 786 vultum
859 724 1077 791 convertere,
1098 705 1160 776 sed

88 841 250 938 puerilia,
272 855 309 908 et
322 840 480 907 humauae
495 832 742 902 oblectamenta
754 827 914 896 levitatis.
930 828 1018 894 Ecce
1032 837 1160 918 specta-

89 963 197 1031 culum
216 957 385 1052 dignum,
415 953 461 1022 ad
488 950 580 1044 quod
600 947 761 1042 respiciat
780 946 932 1012 intentus
954 943 1051 1035 operi
1071 944 1083 974 ²
1099 963 1160 1008 suo

88 1083 176 1150 Deus
194 1104 203 1143 ε
218 1099 299 1145 ecce
319 1065 404 1167 par³
421 1073 495 1140 Deo
510 1067 675 1161 dignum,
697 1063 752 1131 vir
773 1061 870 1128 fortis
888 1083 965 1128 cum
982 1056 1070 1124 mala
1089 1056 1161 1124 lor·
1254 1039 1258 1048 ¹

87 1212 165 1262 uma
183 1179 430 1282 compositusl,
452 1184 571 1274 utique
591 1180 620 1246 si
645 1191 680 1245 et
705 1173 912 1269 provocavit.
939 1173 1017 1240 Nou
1036 1167 1158 1252 video,

85 1315 245 1403 inquam,
264 1303 349 1400 quid
363 1302 489 1372 habeat
507 1300 544 1366 in
562 1295 664 1363 terris
676 1293 810 1385 Jupiter
822 1288 1022 1384 pulchrius,
1040 1288 1068 1354 si
1081 1309 1162 1355 cou-

83 1443 216 1495 vertere
238 1423 390 1492 animum
412 1417 518 1498 velit,
540 1435 642 1505 quam
662 1425 701 1477 ut
723 1421 853 1502 spectet
877 1408 1065 1487 Catonem,
1090 1404 1161 1496 jam

83 1532 258 1636 partibus⁵
276 1561 350 1606 non
364 1527 496 1603 semell
516 1528 655 1608 fractis,
673 1540 817 1593 stantem
831 1521 1054 1590 nihilominus
1072 1520 1162 1586 inter

85 1705 117 1757 Et
126 1704 258 1756 volucrem
272 1701 353 1773 longo
367 1695 476 1772 porrexit
491 1691 597 1744 vulnere
647 1686 714 1760 apud
723 1685 776 1738 Cic.
788 1684 819 1736 dc
828 1685 909 1737 Amic.
920 1685 966 1745 15,
978 1681 1161 1734 sinebostium.

84 1783 198 1857 pardum.
211 1802 225 1828 a
238 1777 293 1832 Adi
303 1795 381 1848 quoq.
395 1771 518 1846 ejusdlib.
530 1768 599 1842 Epi·
645 1765 708 1817 ¹Por
715 1765 900 1834 gladiatorum,
908 1761 1002 1815 centies
1014 1759 1133 1812 occurrit.

85 1881 190 1934 gramm.
198 1873 270 1910 xxm
278 1869 303 1909 et
311 1869 403 1916 1an
415 1863 455 1915 et,
466 1848 535 1920 quod
544 1866 599 1898 ma·
683 1845 705 1910 4.
721 1843 893 1910 Cctrnpost'tus.
905 1839 962 1891 Hoc
976 1850 1028 1904 est,
1044 1837 1142 1890 luctans
1154 1875 1161 1900 ‚

86 1942 123 2014 gia
135 1937 259 1991 attonitus
274 1935 359 2006 leges,
379 1929 466 2002 Epigr.
481 1942 530 1987 vt,
549 1943 599 1994 quo
649 1921 702 1973 sive
712 1919 857 1972 luctaturus.
870 1918 995 1992 Perpetuo
1003 1915 1043 1967 his
1051 1913 1164 1967 vocabu-

88 2029 203 2070 narratur
225 2012 334 2067 l'oemina
359 2009 388 2062 in
417 2004 599 2080 amphitheatro
650 1997 682 2050 lis
694 2008 800 2049 utuntur
809 1999 964 2049 committere
973 2007 998 2047 ct
1006 2011 1162 2062 componere,

88 2116 147 2148 cnm
158 2095 235 2146 leone
247 2087 421 2144 decertavisse.
653 2095 732 2146 quum
755 2074 786 2126 de
806 2069 955 2127 adversariis
975 2070 1085 2124 locuturi
1105 2080 1164 2122 sunt

127 2193 149 2222 ι.
168 2169 321 2221 Honestior.
340 2165 470 2218 Honestats
486 2160 554 2212 idem
567 2171 603 2212 est
653 2173 762 2224 quorum
783 2151 861 2203 alium
884 2150 949 2202 alius
972 2149 1165 2222 impugnaturus

91 2267 120 2300 ar
131 2252 250 2314 ingenuo,
258 2249 340 2296 immo
350 2241 449 2292 illustri
455 2240 509 2291 loco
519 2247 605 2288 notus.
656 2244 698 2283 est.
721 2228 865 2283 l’aurillum
886 2241 970 2280 tamen
992 2225 1166 2299 discrepantia*

92 2325 194 2378 Gallice
206 2341 253 2375 nos
263 2317 402 2389 aliquando
412 2313 528 2367 similiter
539 2312 605 2365 diri·
654 2310 773 2375 interest‚
784 2325 875 2380 nempe
886 2309 940 2358 non
951 2304 1037 2358 habito
1049 2304 1166 2381 praelian-
1197 2329 1199 2343 ι

91 2425 149 2457 mus
163 2400 264 2456 nobiles
276 2399 345 2449 viros
358 2399 395 2448 les
407 2393 526 2446 ltonne⁴trs
533 2407 604 2460 gens.
656 2389 719 2440 tium
735 2407 842 2440 numero
858 2389 986 2439 committi
997 2405 1068 2460 posse
1085 2403 1166 2438 unum
1235 2381 1241 2398 “

92 2482 172 2552 Quod
186 2479 333 2534 adsensum
352 2470 472 2546 pertinet,
488 2467 526 2520 nil
539 2486 606 2520 con·
655 2485 713 2518 cum
724 2463 1091 2530 duobus,cumtribus‚cum
1101 2463 1170 2516 mul*
1199 2467 1202 2477 ’

91 2565 223 2632 fragorum
241 2568 285 2607 est.
298 2550 402 2605 Etenim
419 2549 465 2600 iste
485 2545 547 2597 olim
559 2545 606 2597 sub
655 2545 685 2597 tis
696 2584 703 2611 ,
714 2544 759 2598 scd
769 2547 890 2612 componi
905 2561 1003 2616 semper
1015 2545 1100 2595 unum'
1108 2563 1166 2596 cum

90 2633 249 2710 principibus
261 2628 372 2683 invaluit
383 2644 454 2692 mos,
469 2635 497 2676 ut
510 2622 604 2693 equites
653 2645 707 2676 uno
716 2665 724 2691 ‚
734 2625 798 2677 duos
809 2643 866 2676 curu
884 2621 999 2687 duobus,
1018 2635 1064 2673 etc.
1086 2620 1166 2689 Quod

90 2729 166 2787 atque
184 2723 331 2774 senatores,
353 2704 426 2758 obliti
448 2703 507 2768 sui,
530 2719 605 2753 com·
656 2722 714 2755 mor
725 2701 846 2764 occurrit,
864 2702 891 2752 el
905 2704 995 2769 utique
1005 2701 1064 2751 etsi
1074 2719 1168 2767 proro—
1278 2737 1282 2746 .

90 2802 247 2866 ponerentur
260 2804 319 2838 tum
333 2777 522 2856 gladltlorlbut-
539 2775 604 2829 Vide
654 2785 762 2847 caverit,
774 2800 803 2832 oo
815 2801 890 2832 seusu
900 2778 1095 2852 intelligendum
1105 2779 1167 2831 scito

89 2874 174 2943 iprum
183 2867 274 2920 senec.
287 2862 366 2936 Epist.
375 2875 422 2913 cvr
433 2897 440 2924 ‚
453 2855 498 2910 ubi
510 2873 517 2908 ε
529 2854 605 2906 «Ad-
654 2858 888 2931 quosiscripsissct,
902 2868 985 2910 autse
994 2876 1092 2910 cumea
1101 2875 1167 2908 com·

90 2949 160 3022 spice
183 2945 241 2998 illos
258 2943 379 3012 juvenes,
401 2955 464 3008 quot
483 2955 512 2987 ex
530 2931 606 2985 nobi·
651 2953 758 3004 ponerts.
774 2937 892 3007 Namque
908 2934 997 3006 saepius
1009 2933 1114 3005 quidem
1129 2935 1169 2985 vir

91 3024 197 3078 lissimis
215 3018 333 3074 domibus
344 3017 373 3069 in
390 3032 493 3067 arenam
508 3010 605 3065 luxuria
655 3013 725 3066 fortis
735 3033 749 3065 a
759 3015 860 3065 furtum
868 3013 998 3085 impetitur
1007 3049 1014 3078 ‚
1023 3013 1168 3075 lacessitum

92 3102 305 3178 conjecit-Item
316 3099 411 3168 Quaest.
420 3097 478 3148 Nat.
486 3093 531 3145 lib.
540 3092 604 3156 Vll,
656 3090 784 3142 interdurn
803 3105 887 3144 tamen
908 3090 975 3144 hauc
995 3089 1096 3143 vidntur
1116 3091 1168 3164 ipse

93 3205 148 3258 cap.
160 3187 190 3236 31
204 3224 212 3249 ‚
225 3181 272 3234 sub
284 3178 328 3232 lin.
656 3166 807 3220 lacessirisse
826 3179 849 3218 et
870 3166 1063 3241 provocavisse,
1088 3185 1168 3239 quum
1239 3169 1242 3178 ’

130 3281 154 3312 a·
171 3259 255 3329 Operi
265 3277 322 3310 suo.
338 3252 439 3308 Mundo
454 3250 565 3323 regendo
584 3260 608 3299 et
657 3245 685 3296 in
694 3264 768 3297 suum
779 3259 866 3318 sponte
880 3245 1167 3319 malnm‚beneagens‚
1260 3285 1265 3296 .

95 3338 281 3394 conservando.
295 3335 325 3388 ld
338 3333 406 3385 enim
418 3330 469 3382 Dei
481 3341 531 3402 opt.
543 3347 607 3380 max.
658 3324 743 3376 currit.

95 3417 227 3492 proprium
239 3413 348 3468 manime
365 3428 458 3462 munus
474 3419 525 3470 est,
546 3406 608 3458 uni·
691 3405 715 3454 5.
728 3402 865 3455 Partibus.
878 3403 1041 3476 Pompeianis
1059 3421 1166 3474 nempe,

94 3515 168 3548 versa
176 3495 211 3546 ita
219 3501 402 3566 temperare‚ut
412 3497 510 3539 servato
520 3483 608 3536 ordine
659 3499 714 3552 quae
730 3493 814 3532 tamen
832 3480 1015 3552 rempublicam
1033 3491 1057 3530 et
1068 3478 1169 3552 imperii

96 3587 120 3625 et
129 3570 252 3643 aequabili
259 3579 331 3620 motu
340 3579 364 3618 et
374 3564 481 3638 partium
491 3561 609 3614 omnium
657 3572 768 3611 veterem
775 3560 885 3610 sormam
893 3557 1034 3612 tuebantur.
1044 3556 1096 3609 Sed
1103 3553 1168 3608 nihil

96 3662 215 3704 manente
224 3645 380 3711 concordia,
391 3662 445 3695 uno
456 3639 543 3706 verbo,
553 3641 608 3692 soll:
659 3637 752 3688 mirum
764 3647 801 3688 est
819 3646 899 3707 partes
911 3647 935 3687 et
947 3625 1019 3706 quasi
1031 3633 1167 3686 factionem

96 3730 181 3796 atem
190 3749 214 3780 ee
225 3728 264 3779 ael
276 3723 328 3777 καθ’
336 3724 445 3792 ἁρμονίαν
457 3736 542 3771 cursus
550 3735 608 3768 suos
657 3711 805 3778 hosvocari‚
819 3731 881 3781 quos
889 3712 941 3765 sola
952 3711 1057 3765 rebelles
1064 3710 1168 3764 victoria

95 3803 241 3858 conficiant.
256 3802 331 3871 Opus
342 3799 397 3852 Der'
406 3797 482 3870 igitur
492 3813 545 3846 non
556 3805 607 3859 est,
658 3791 801 3846 declaravit.

95 3897 125 3937 ut
144 3882 237 3936 Gallici
255 3882 391 3945 ldtoncpnir
411 3875 489 3926 instar
507 3869 608 3933 dixeris,
691 3871 715 3922 6.
726 3869 786 3921 Non
800 3871 887 3920 semel.
900 3868 986 3920 Primo
996 3868 1109 3938 quidem,
1120 3867 1169 3918 lta-

96 3962 207 4015 mundus
224 3980 239 4012 a
259 3959 317 4010 Deo
336 3964 447 4018 creatus,
464 3948 508 4002 sed
519 3945 610 4001 mundi
659 3949 693 4001 lia
705 3947 841 4020 adempta,
853 3965 929 4016 quarn
952 3959 1009 4000 aute
1032 3945 1167 4017 praelium,

96 4039 265 4094 conservatio.
657 4040 715 4078 ante
734 4025 822 4091 tubas,
834 4023 965 4096 optimates
981 4035 1004 4075 et
1019 4022 1169 4095 Pompeiani

132 4118 156 4169 3.
172 4117 238 4170 Par.
255 4113 349 4182 (Gall.
360 4111 474 4179 couple).
492 4109 609 4160 Duorum
658 4103 815 4175 dereliquere
827 4121 923 4166 ymos,
941 4101 1063 4175 Hispania
1077 4101 1170 4172 subju-

96 4197 217 4262 societas,
231 4206 262 4245 ut
272 4194 394 4266 invictum
407 4207 462 4258 par
475 4188 610 4240 consulum
659 4194 730 4254 gata,
748 4191 802 4232 tum
813 4179 935 4253 Pompeio
942 4179 1009 4252 apud
1020 4179 1169 4232 Pharsalum

97 4275 193 4327 Patere.
208 4273 254 4336 lt,
273 4271 322 4336 453
338 4267 389 4320 sire
407 4265 563 4328 amicorum,
582 4273 609 4315 ut
659 4261 686 4311 in
698 4259 784 4331 lugam
802 4257 915 4329 conjecto
929 4297 937 4325 ,
949 4277 1056 4327 rnorque
1072 4257 1175 4317 occiso3
