2954 4926
416 459 509 528 LIB.
538 459 617 544 vl,
644 459 754 528 CAP.
780 455 890 526 XIV.
1129 459 1220 550 599*

121 613 211 659 mea.
231 587 417 660 Utilitatem
435 591 486 658 rei
501 591 638 683 partiris
655 613 805 670 mecum,
823 605 858 658 et
870 613 925 658 me
939 591 976 658 in
990 565 1198 688 benefiorum

122 706 272 799 recipie,
294 703 428 774 duobus
447 705 677 797 prestiturum.
700 704 845 773 Praeiera
861 728 916 772 me
933 704 1009 775 aliie
1032 707 1119 775 :boo
1144 724 1196 777 to-

113 842 196 893 ·tum
213 847 288 892 mea
309 847 410 891 oauaa
428 821 522 891 iacis.
539 825 657 913 Itaque
671 823 699 888 ai
713 838 893 914 praetorem
912 837 945 888 te
963 821 1093 894 factura
1109 841 1198 895 esset
1224 826 1239 880 ⁵

122 940 243 1010 decem
263 941 471 1035 captivorum
491 937 698 1032 redemptio,
725 935 842 1006 decem
861 953 974 1008 autem
988 941 1051 1010 aoii
1069 946 1197 1038 captivi

123 1081 295 1140 eaeomua,
312 1079 414 1124 nemo
427 1055 613 1148 quidquam
626 1055 689 1123 tibi
702 1052 844 1123 deberet
856 1079 895 1123 ex
911 1056 1009 1126 nobie
1027 1084 1035 1125 ε
1052 1061 1132 1152 quia
1146 1061 1199 1129 ni-

122 1175 175 1242 hil
193 1175 357 1254 haberes,
377 1172 470 1266 quod
486 1173 645 1265 cuiquam
657 1173 862 1264 imputares,
881 1187 974 1273 abtua
991 1173 1136 1252 utilitate
1149 1201 1200 1244 ee-

123 1289 277 1360 duetum.
296 1294 373 1362 Nou
388 1315 461 1360 eum
479 1289 637 1358 invidue¹
663 1289 825 1358 beneficii
847 1289 1039 1383 inter-pree,
1059 1313 1124 1358 nec
1137 1291 1200 1358 de-

122 1405 240 1476 aidero
254 1403 341 1476 illud
354 1407 438 1476 mibi
452 1421 581 1476 tantum
598 1404 695 1487 diri,
715 1403 775 1473 aed
793 1421 826 1472 et
843 1405 919 1474 tibi.

174 1521 267 1588 XIV.
284 1520 381 1614 Quid
394 1545 497 1616 ergo,
518 1521 631 1613 inquit
642 1524 669 1601 ²,
685 1521 713 1586 ei
731 1521 768 1587 in
787 1535 912 1588 aortem
930 1521 1069 1588 nomina
1087 1535 1200 1590 veetra

123 1638 250 1730 conjici
263 1638 459 1731 jussissem,
481 1654 515 1706 et
533 1653 627 1705 tuum
643 1661 766 1705 nomen
781 1639 872 1705 inter
887 1635 1101 1708 redimendos
1115 1641 1201 1708 exie·

122 1767 199 1835 aet,
219 1754 306 1822 nihil
327 1753 471 1824 deberes
489 1754 598 1822 mibi?
613 1755 716 1822 immo
735 1752 920 1839 deberem,
943 1753 1003 1822 aed
1022 1754 1196 1848 exiguum.

123 1871 223 1962 Quid
236 1872 281 1939 ait
295 1870 381 1953 boc,
398 1871 522 1940 dicam.
540 1869 682 1962 Aliquid
696 1872 772 1938 iatic
787 1895 862 1939 mea
875 1895 975 1939 cauea
990 1871 1089 1954 facia,
1107 1872 1199 1963 quod
1218 1865 1227 1890 ²⁴

123 1987 234 2054 mead
242 1985 409 2057 fortunam
419 1987 662 2078 redemptionis
672 1984 1076 2078 admitti53quodnomen
1087 2009 1198 2057 meum

124 2095 246 2185 exiit³,
262 2105 344 2170 aorti
359 2101 467 2170 debeo
486 2129 494 2168 ε
513 2102 605 2193 quod
618 2103 711 2170 exire
726 2104 848 2194 potuit,
867 2102 941 2170 tibi.
960 2103 1100 2172 Aditum
1114 2101 1198 2170 mihi

122 2219 170 2292 ad
187 2217 394 2287 beneficium
415 2234 510 2286 tuum
530 2214 676 2301 dedisti,
696 2219 794 2312 cujus
808 2219 970 2311 majorem
982 2233 1114 2312 partem
1127 2217 1198 2287 for·

123 2353 218 2404 tunm
239 2335 372 2408 debeo:
394 2334 455 2404 sed
471 2334 536 2403 boo
561 2336 670 2428 ipsum
692 2335 754 2402 tibi
764 2385 776 2420 ,
798 2334 890 2426 quod
909 2335 1053 2404 iortunae
1072 2334 1199 2402 debere

123 2455 235 2546 potui.
251 2453 330 2525 llloa
343 2475 384 2520 ex
397 2468 467 2520 toto
480 2451 680 2548 praeteribo,
696 2475 840 2542 quorum
857 2443 1123 2520 mercenarium‘
1136 2449 1199 2518 be·
1223 2497 1238 2528 2

124 2568 287 2640 nefioium
302 2584 353 2636 eat
366 2594 374 2636 ε
386 2565 481 2660 quod
492 2569 551 2660 qui
563 2567 640 2649 dat,
657 2591 726 2634 non
739 2582 910 2660 computat
919 2568 993 2650 cui,
1009 2567 1068 2636 aed
1080 2568 1199 2660 quanti

124 2687 268 2756 danai-ua
281 2688 346 2770 eit,
364 2685 456 2778 quod
470 2684 624 2776 undique
639 2685 677 2751 iu
694 2705 730 2751 ae
750 2677 972 2754 conversum⁵
991 2697 1054 2751 eat.
1072 2683 1201 2752 Vendit

124 2805 211 2879 mibi
224 2803 349 2895 aliquis
362 2803 570 2872 frumentum
584 2828 591 2868 :
605 2802 719 2870 vivere
732 2823 800 2868 non
810 2823 946 2893 possum
956 2849 969 2885 ,
981 2801 1047 2867 niai
1061 2823 1196 2886 emer03

122 3047 379 3106 manumitto
388 3064 558 3109 voeattmeo,
567 3047 638 3113 quod
683 3045 786 3110 φθονεῖν.
804 3045 897 3096 οθονιῑν
917 3049 962 3097 ὢν
973 3046 1107 3108 «retent,
1127 3046 1196 3114 qood

122 3131 281 3200 211&qu
301 3127 329 3180 in
346 3145 400 3179 nno
412 3124 548 3197 cuempiari
562 3124 635 3178 Piae.
683 3121 761 3174 verbo
771 3135 807 3174 eet
819 3123 932 3179 invidere
941 3123 1070 3186 laudumt
1083 3121 1152 3175 idem
1160 3136 1198 3176 eet

123 3217 149 3258 et
160 3225 212 3266 uuo
224 3203 335 3277 palatino
347 3214 505 3275 comparent,
516 3203 636 3256 Gruteru-
684 3217 743 3250 cum
759 3207 792 3273 τῷ
809 3219 880 3274 parea
890 3239 898 3267 ,
910 3214 935 3254 et
944 3200 1017 3272 quari
1027 3200 1121 3254 invitor
1137 3201 1198 3254 ian·-

123 3303 175 3356 qna
193 3283 307 3357 impetite
325 3281 466 3356 placabant.
486 3280 552 3334 Cum
566 3280 637 3332 Gro-
686 3277 753 3330 dere.

123 3363 204 3416 novio
213 3357 636 3433 autemboettriapoatarioravarba
721 3355 792 3407 xlv.
807 3359 878 3410 Ano.
891 3359 927 3408 At
936 3356 1089 3410 benaiimum
1098 3377 1197 3413 merre-

123 3441 204 3494 otiolo
225 3441 301 3493 alicui
315 3439 418 3493 librario
435 3437 568 3503 adscribo,
590 3457 636 3490 ex·
685 3436 785 3490 uarium
797 3437 903 3510 gratiam
914 3455 968 3489 uon
979 3450 1096 3491 meretur.

124 3518 253 3594 pontique
266 3535 273 3570 ι
285 3517 379 3591 quippe
397 3517 462 3570 bene
473 3515 558 3568 abesae
576 3535 637 3587 poa·
718 3516 842 3584 aloquin
849 3515 945 3588 Nempe
952 3514 997 3585 qui
1008 3515 1196 3572 mandauerit.

123 3608 192 3647 aunt.
721 3595 744 3647 3.
763 3595 844 3664 Quod
852 3597 1055 3646 nomen-..exiit
1072 3614 1173 3649 aaaron
1188 3636 1195 3664 ,

163 3693 182 3724 ι.
203 3673 265 3726 Non
283 3691 343 3726 sum
365 3673 469 3724 invidus
492 3670 571 3741 denes.
591 3669 636 3723 sie
683 3675 711 3730 io
729 3691 808 3746 quam
820 3671 860 3726 bae
871 3683 949 3724 mrtea
964 3671 1119 3746 captivorum
1131 3691 1196 3732 tou·

125 3751 272 3806 emendavit
281 3751 366 3804 locum
379 3749 509 3812 Gruterm,
521 3765 599 3818 quom
609 3747 636 3799 in
684 3755 754 3826 42:1ae
767 3761 853 3814 erant,
874 3750 906 3800 ira
925 3761 953 3802 ut
970 3751 1056 3802 decem
1081 3751 1198 3804 extrabe-

125 3831 183 3883 eod·
193 3833 253 3883 Nu·
263 3829 468 3884 ihvwlmitmss
477 3826 634 3888 Summum,
685 3846 784 3895 rentur,
798 3830 902 3900 reliqua
911 3845 1079 3882 remanerent.
1087 3832 1196 3904 Reajarn

126 3922 152 3961 et
172 3909 200 3960 in
221 3906 277 3959 aliia
295 3926 365 3960 :noo
383 3925 442 3958 sum
461 3905 534 3956 vides
554 3904 594 3968 h.‚·
608 3903 635 3954 iu
685 3907 753 3984 apud
765 3909 907 3960 Homerum
919 3907 1041 3976 occurrit,
1056 3927 1103 3961 nac
1121 3907 1196 3972 nobi,

126 3980 634 4049 nli0:nonsism1·udeoeo.anua:tnt-
686 3988 842 4040 insolitam.
1055 4023 1059 4039 .

126 4063 456 4136 quusdenefi—Invidus.
473 4061 505 4113 fl.
522 4081 544 4111 a.
557 4058 636 4111 mali·
719 4067 743 4132 4.
761 4064 973 4131 Memmium,
999 4076 1121 4134 qtmrum
1140 4082 1197 4136 qia·

126 4142 293 4216 puhpffli
301 4141 435 4198 netimeas.
446 4139 544 4192 Eodem
559 4137 636 4190 modo
687 4157 766 4196 trans.
843 4167 850 4174 ·

127 4222 437 4294 Groeeiaoleotururpara
450 4239 524 4273 voees
534 4220 636 4288 φθόνος,
721 4224 744 4272 5.
777 4223 932 4277 &aversum
950 4239 959 4274 t
977 4219 1140 4280 solummodo
1172 4240 1201 4272 ra
