2922 4944
314 383 355 446 5¹1
491 374 830 445 CONSOLATIO
855 374 916 442 AD
941 373 1194 445 HELVIAM.

312 507 421 599 posita
433 509 457 587 ¹,
478 501 523 572 ad
544 501 726 596 obliganda
746 503 888 570 vulnera
905 519 1016 573 vestra
1031 520 1179 596 reptare.
1201 509 1273 574 Hoc
1290 527 1377 598 pru-

311 624 454 716 positum
474 644 585 688 meum
598 635 695 687 erant
709 643 825 686 rursus
840 620 1152 710 quaeretardarent.
1169 623 1285 692 Dolori
1299 636 1373 702 tuo,

312 739 392 807 dum
406 761 525 805 recens
537 736 692 817 saeviret,
709 735 854 804 sciebam
869 734 1114 804 occurrendum
1129 763 1196 806 non
1215 761 1311 818 esse,
1329 759 1375 802 ne

312 853 408 920 illum
433 853 505 944 ipsa
531 850 646 916 solatia
677 850 872 928 irritarent,
901 865 935 916 et
962 849 1187 919 accenderent
1209 879 1216 916 :
1236 875 1314 919 narn
1336 851 1374 916 in

313 964 592 1054 morbisquoque
616 960 704 1027 nibil
730 976 780 1027 est
805 962 1049 1052 perniciosius,
1075 986 1176 1054 quam
1195 964 1374 1030 immatura

273 1082 289 1134 ³
314 1080 481 1150 medicina
495 1086 520 1146 ².
560 1077 802 1170 Exspectabam
825 1079 939 1170 itaque
963 1076 1042 1146 dum
1070 1080 1144 1171 ipse
1173 1081 1262 1148 vires
1295 1103 1376 1147 suas

314 1197 509 1289 frangeret,
537 1210 572 1262 et
592 1193 635 1260 ad
663 1190 858 1260 sustinenda
882 1192 1029 1261 remedia
1053 1218 1146 1262 mora
1172 1196 1373 1287 mitigatus,

266 1363 268 1368 -
314 1315 408 1406 tangi
426 1337 462 1380 se
480 1335 520 1379 ae
545 1309 680 1377 tractari
704 1324 888 1400 pateretur.
909 1303 1115 1392 Praeterea3,
1136 1335 1240 1402 quum
1258 1310 1376 1377 omnia

313 1428 573 1495 clarissimorum
592 1423 810 1515 ingeniorum
829 1441 1066 1506 monumenta,
1092 1425 1136 1492 ad
1157 1449 1377 1518 compescen-

315 1539 375 1608 dos
402 1537 689 1629 moderandosque
714 1537 845 1618 luctus,
868 1539 1048 1631 composita
1067 1541 1275 1620 evolverem,
1302 1565 1374 1608 non

314 1656 527 1723 inveniebam
548 1653 736 1745 exemplum
761 1652 854 1744 ejus,
875 1653 935 1746 qui
953 1653 1140 1721 consolatus
1157 1679 1233 1722 snos
1255 1671 1370 1736 esset,

243 1813 246 1824 ·
274 1779 291 1844 l
315 1795 419 1863 quum
439 1772 509 1859 ipse
523 1769 566 1836 ab
579 1763 672 1835 illis⁴
692 1766 970 1859 comploraretur.
992 1771 1043 1836 Ita
1058 1771 1093 1836 in
1113 1793 1150 1836 re
1171 1793 1257 1838 nova
1270 1771 1374 1838 baesi-

316 1887 425 1953 tabam
442 1935 450 1966 ‚
466 1884 698 1975 verebarqne,
720 1905 763 1948 ne
776 1882 850 1948 baec
863 1904 931 1948 non
946 1884 1148 1968 consolatio,
1163 1884 1223 1952 sed
1236 1886 1374 1954 exulce-

316 1993 423 2069 ratio⁵
444 2015 542 2067 esset.
564 1996 659 2090 Quid
676 1995 767 2090 quod
784 1997 879 2064 novis
895 1999 1028 2081 verbis,
1045 2025 1108 2069 nec
1125 2025 1166 2069 ex
1184 2002 1317 2095 vulgari
1336 2020 1374 2070 et

315 2113 512 2208 quotidiana
521 2112 661 2204 sumptis
671 2103 683 2144 ⁶
695 2111 907 2192 allocutione,
923 2136 1007 2204 opus
1017 2116 1281 2184 eratbominiad
1290 2143 1375 2186 oon-

318 2230 471 2300 solandos
489 2252 565 2296 suos
581 2253 621 2294 ex
633 2229 706 2318 ipso
720 2247 801 2318 rogo
814 2242 914 2319 caput
926 2229 1083 2298 allevanti
1095 2233 1110 2298 l
1124 2233 1244 2302 Omnis
1258 2250 1376 2302 autem

354 2399 463 2454 urrann
477 2417 554 2467 super
560 2400 670 2468 plagam
681 2414 768 2448 nuum
777 2397 823 2448 im·
872 2394 1381 2468 loroverecsmplomnturmortuumvi·

317 2480 413 2548 posito.
423 2471 492 2526 Nam
508 2475 568 2526 dum
578 2493 655 2527 manu
666 2472 823 2546 superimpri·
872 2493 927 2526 rum
937 2473 1070 2546 significet3
1079 2496 1125 2530 nec
1133 2477 1246 2549 alioquin
1257 2479 1380 2552 pervideo

318 2547 823 2626 sitaplagamreceutcmpremis,sanguini
873 2553 1001 2620 quomodo
1014 2550 1053 2605 v'ir
1071 2554 1237 2628 comploratus
1249 2555 1299 2609 boc
1313 2577 1382 2610 sen-

320 2633 409 2696 obstat,
417 2632 480 2702 quin
488 2643 640 2704 crumpat,et
648 2627 823 2680 malumsimul
873 2648 902 2680 sn
911 2643 991 2701 posset
1000 2631 1123 2683 consolari
1133 2630 1323 2704 complorantes.
1331 2635 1383 2686 Al-

321 2725 345 2764 ct
355 2711 467 2764 dolorem
476 2707 663 2779 quodammodo
673 2705 824 2776 comprimis.
873 2707 937 2760 ludit
949 2707 992 2762 bie
1006 2711 1116 2763 Annaeus
1128 2711 1160 2762 ad
1168 2709 1277 2783 scipsum
1291 2723 1316 2764 ct
1331 2712 1383 2764 in-

355 2782 824 2853 2.D010r1·m0....medtctna.lpseNos·
873 2785 982 2838 fortunia
991 2805 1048 2848 sna,
1061 2807 1130 2857 que,
1144 2787 1202 2840 vivo
1216 2801 1240 2841 et
1253 2787 1382 2842 incolumi

323 2877 361 2916 ter
373 2865 422 2916 boc
435 2861 553 2932 proecepit
569 2861 599 2912 de
616 2860 656 2911 lra
672 2859 726 2921 lll,
740 2857 780 2926 39.
795 2859 825 2908 Et
874 2862 939 2934 ipso,
950 2863 1214 2938 comploraripossunt.
1221 2865 1295 2918 Dices
1305 2867 1384 2920 sorsi-

324 2942 380 3012 quis
405 2937 611 3013 pbilosophorum
639 2934 825 2988 medicornmve
873 2950 916 2990 ten
924 2939 1035 2992 exsilium
1045 2941 1317 2994 Scnccaevidsrimortc
1325 2944 1384 3016 ipsa

324 3017 372 3070 boc
385 3036 437 3069 non
458 3015 544 3068 suasit!
569 3013 689 3066 Conlerss
701 3011 824 3076 tamen,si
874 3015 1386 3088 pejus,ctllomaremotumarcriranenti-

325 3096 387 3148 tanti
400 3107 449 3161 cst,
462 3093 540 3146 ovid.
555 3095 628 3146 Pont.
641 3091 687 3154 lv,
701 3111 738 3153 ιι,
755 3111 792 3154 ¹⁷·
804 3103 827 3142 ct
875 3093 920 3144 bus
937 3094 1088 3168 complorari
1104 3108 1221 3166 tauquam
1235 3108 1384 3160 mortuum

326 3174 454 3230 Plutarch.
472 3172 597 3227 Consolat.
619 3171 651 3224 ad
671 3167 790 3240 Apollon.
804 3189 826 3240 p.
875 3168 918 3222 sed
927 3170 1387 3244 estbocsubtiliusquaurutadrnitta·

326 3246 827 3324 316,317,T.V11.Huttan.ibiquedicta
876 3259 924 3300 tur.
966 3293 969 3300 .

327 3324 828 3405 AEacbyli‚Euripidrsetlllenandriprrc·
911 3327 934 3378 5.
947 3325 1125 3380 Exulcemtr'o.
1149 3326 1229 3396 Quasi
1248 3329 1390 3382 renovatio

329 3411 402 3463 clm.
882 3402 991 3454 doloris:
1005 3403 1069 3456 redit
1089 3404 1122 3456 ad
1137 3404 1321 3477 metaphoram,
1334 3425 1390 3476 qua

363 3487 386 3540 3.
409 3486 547 3538 Pmtereo·
566 3481 773 3536 Consolationern
789 3480 833 3532 ci·
882 3492 956 3534 antea
968 3495 1096 3534 morant

331 3563 442 3627 coronis,
451 3559 588 3614 Metrodori
595 3557 711 3632 Epicurei
716 3556 834 3610 aliorum·
913 3559 1110 3614 ii.Allocutiorre.
1120 3561 1164 3614 Eo
1169 3563 1306 3616 consolatio
1315 3565 1395 3638 :Epo

332 3663 380 3714 que
391 3641 467 3694 libros
481 3639 512 3692 de
523 3638 607 3702 luctu,
621 3657 642 3687 c.
656 3657 677 3688 c.
695 3636 833 3700 Cantoris,
886 3638 940 3692 118.
952 3637 1044 3692 catull.
1058 3639 1187 3707 XXXVI,
1203 3640 1227 3692 6.
1240 3641 1283 3694 Sic
1300 3641 1395 3696 multis

332 3715 507 3791 Tbeopbrasti,
514 3713 673 3768 Callisthenis
690 3725 736 3766 etc.
743 3733 795 3766 non
806 3712 835 3764 in
885 3717 914 3768 in
924 3715 984 3768 locis
994 3718 1396 3785 attoqntm,eral10qui.llorse

333 3797 419 3852 cnsilio
431 3795 514 3848 innuit
530 3793 634 3866 scriptos
651 3811 715 3858 esse,
729 3791 836 3862 ideoque
886 3793 966 3866 Epod.
988 3793 1071 3846 Xlll:
1090 3816 1103 3840 s
1122 3793 1180 3849 lllic
1195 3813 1271 3846 omne
1291 3795 1397 3850 malum

332 3875 450 3929 schacos
460 3885 529 3948 parts
539 3871 646 3946 primum
659 3888 721 3933 esse,
730 3869 774 3938 qui
786 3869 837 3940 ipsc
887 3871 949 3922 vino
955 3871 1166 3941 cantuquelcvato
1177 3873 1307 3926 Deformis
1316 3878 1399 3948 regri-

334 3951 402 4004 casul
414 3971 471 4006 suos
487 3950 642 4014 consoletur,
653 3947 806 4019 pronuntiat.
886 3948 979 4002 monite
995 3948 1108 4002 dulcibus
1125 3949 1277 4022 alloquiis.»
1300 3951 1396 4006 Valer.

366 4027 391 4092 4.
405 4027 619 4096 Complorcmtor.
629 4025 762 4094 Tanquam
769 4045 838 4078 uror-
886 4026 989 4078 Maxim.
1002 4027 1045 4078 lib.
1055 4029 1087 4090 ll,
1096 4047 1147 4100 cap.
1158 4047 1184 4092 7:
1196 4028 1313 4082 «Incerta
1325 4050 1388 4103 gra·

334 4119 390 4160 tuus
397 4105 551 4173 rirltohloſs
556 4105 612 4176 Ego
621 4104 705 4156 nascio
713 4124 744 4154 an
753 4104 801 4156 hoc
811 4105 836 4154 in
888 4102 985 4155 tulandi
994 4106 1078 4179 prius,
1091 4125 1124 4156 an
1137 4105 1284 4176 alloquendi
1301 4108 1398 4160 officio
