2976 4944
512 449 687 521 CAPUT
710 447 757 518 X.
1121 477 1171 545 77

103 602 138 655 ct
146 585 314 655 adversus
325 586 414 654 lerna
426 599 460 652 et
471 581 633 652 adversus
643 561 797 646 homines
810 577 972 644 armatis?
983 573 1068 668 quid
1081 591 1173 646 tento

104 705 253 774 tumultu
272 701 500 772 discurritis?
524 697 609 792 quid
635 719 716 790 opes
741 692 863 788 opibus
887 695 1083 788 aggerin‘sl
1104 719 1173 764 non

102 821 207 889 vultis
225 821 400 914 cogitare,
418 841 517 910 quum
537 837 643 908 parve
663 811 761 879 vobis
777 833 919 904 corpora
942 812 1010 878 siut
1026 812 1174 880 PNoune

103 935 201 1003 luror
217 952 253 1004 et
269 935 407 1004 ultimus
421 931 581 1000 mentium
595 931 712 997 errnr'
731 941 782 994 est
793 976 804 1009 ,
815 949 919 1017 quum
935 940 999 993 tum
1014 926 1173 1020 exiguum

103 1053 240 1144 capies,
259 1054 409 1144 cupere²
429 1045 598 1116 multum?
618 1043 715 1112 Licet
727 1043 842 1134 itaque
858 1042 1011 1134 augentis
1028 1065 1171 1124 census,

102 1168 334 1259 promoveatis
353 1166 463 1246 fines,
484 1182 657 1253 uunquam
673 1175 785 1226 temen
804 1181 945 1250 corpore
959 1171 1071 1226 vestre
1084 1157 1175 1226 laxs-

103 1284 188 1354 bitis
199 1280 227 1352 ³.
252 1285 368 1376 Quum
385 1282 475 1350 bene
488 1269 650 1348 cesserit⁴
668 1275 876 1368 negotiatio,
894 1275 1035 1343 multum
1054 1259 1175 1344 militia

105 1397 290 1482 retulerit3
307 1413 411 1490 quum
426 1393 577 1487 indagati
596 1389 749 1482 undique
767 1388 835 1456 cibi
852 1388 1015 1470 coierint,
1034 1413 1102 1457 non
1114 1390 1176 1458 ba-

104 1511 236 1580 bebitis
254 1513 315 1580 ubi
334 1515 414 1580 istos
432 1524 613 1604 apparatus
636 1520 765 1574 vestros
787 1504 969 1573 collocetis.
996 1503 1092 1596 Quid
1108 1519 1175 1572 tam

104 1629 217 1696 multu
228 1627 454 1721 conquiritis?
468 1613 627 1694 Scilicet⁵
643 1621 788 1713 majores
803 1621 932 1703 nostri,
949 1644 1094 1712 quorum
1108 1621 1177 1691 vir-

106 1737 189 1810 tus⁶
208 1743 309 1812 etiem
329 1765 421 1809 nunc
441 1738 523 1807 vitis
541 1749 657 1803 noenu
680 1748 864 1816 sustentet,
886 1732 1039 1801 infelices
1055 1749 1174 1814 erunt,

105 1859 171 1948 qni
183 1857 251 1925 sibi
270 1881 371 1925 manu
384 1879 445 1924 sua
457 1851 623 1948 parebunt
637 1849 750 1918 cibum
765 1854 775 1896 ⁷
792 1877 801 1934 3
821 1849 946 1940 quibus
959 1864 1050 1917 terra
1064 1847 1177 1917 cubile

107 1990 210 2058 erut,
240 1999 385 2067 quorum
406 1987 495 2040 tectu
516 1965 668 2038 nondum
700 1988 783 2032 auro
810 1964 1007 2057 fulgebunt3
1031 1988 1176 2056 quorum

109 2090 239 2185 temple
252 2089 403 2158 nondum
419 2087 560 2182 gemmis
574 2077 751 2152 nitebunt!
774 2084 892 2174 Itaque
910 2096 991 2149 tnnc
1008 2105 1071 2174 per
1087 2082 1177 2148 ficti-

111 2208 163 2275 les
174 2207 266 2276 Deos
276 2205 435 2298 religiose
444 2200 626 2296 jurabatur
636 2190 667 2264 ⁸:
681 2198 741 2288 qui
754 2197 830 2264 illos
842 2197 1115 2278 invocaverant,
1134 2194 1177 2264 ad

109 2324 258 2406 bostem,
271 2322 427 2392 morituri
443 2369 453 2404 ,
475 2343 519 2386 ne
537 2315 713 2397 fallerent,
729 2313 899 2384 redibant.
915 2314 1051 2384 Scilicet
1067 2314 1179 2383 minus

110 2437 212 2505 besto
224 2435 358 2506 vivebat
372 2433 517 2501 dictator
527 2440 684 2510 noster¹⁰‚
701 2429 760 2520 qui
772 2429 957 2496 Samnitum
973 2427 1101 2521 legatos
1114 2451 1178 2495 su-

110 2551 201 2635 diit,
220 2577 324 2646 quum
339 2549 537 2620 vilissimum
555 2547 669 2615 cibum
686 2545 722 2611 in
736 2543 809 2613 loco
825 2545 897 2638 ipse
910 2567 1012 2610 msnu
1026 2567 1087 2612 sus
1101 2568 1180 2612 ver-

108 2753 204 2806 tineuti
215 2749 621 2822 ,ubieonl'eetanavigatioueeon-
670 2756 729 2808 niu,
753 2755 784 2808 ,ἃ
805 2755 903 2808 Tibull.
924 2754 969 2808 lib.
983 2755 1013 2820 11
1027 2756 1099 2829 Eleg,
1114 2775 1135 2822 ι,
1158 2777 1178 2810 1.

109 2831 342 2897 servabantur;vid.
353 2833 435 2904 intpp.
443 2831 475 2882 ad
481 2829 569 2882 Horat
577 2827 621 2879 lib·
704 2836 727 2886 5.
739 2831 849 2886 Scilicet.
864 2833 961 2886 ironice
974 2831 1041 2886 dieta
1057 2853 1108 2887 esse
1122 2835 1178 2906 quis

108 2910 133 2974 l,
142 2908 252 2977 Odlv,
263 2929 283 2963 1.
291 2910 386 2964 Sensus
396 2907 470 2982 :qnid
480 2904 621 2982 navigatis?
670 2931 724 2964 non
736 2909 858 2984 intelligit
870 2909 883 2962 ,Ρ

147 3007 169 3041 ι.
185 2989 385 3042 Ultimnsermr.
393 2989 427 3041 Ut
436 2985 534 3040 Gallice
546 3005 622 3062 ;gra-
703 2989 727 3042 6.
742 2988 863 3059 Quorum
873 2991 971 3053 virtus,
984 3002 1030 3042 ete,
1041 2989 1099 3041 Nisi
1109 2989 1179 3042 enim

107 3067 228 3120 sissimus
234 3086 310 3118 error.
671 3066 749 3119 vitute
761 3085 804 3118 sus
818 3065 904 3118 orbem
916 3067 1062 3120 universnm
1082 3069 1180 3139 antiqui

143 3165 168 3197 a.
185 3145 303 3214 Copias,
322 3163 419 3213 rupen.
433 3140 508 3196 ludit
518 3140 623 3216 puerili·
670 3144 771 3196 romani
781 3143 931 3196 devicissent
939 3145 1005 3198 orbis
1014 3145 1075 3198 victi
1085 3165 1144 3219 opes
1156 3159 1181 3199 et

109 3236 149 3275 ter
160 3222 262 3275 sanein
275 3220 448 3295 paronomasia
466 3229 515 3273 esis
533 3239 623 3290 cupere
670 3223 737 3276 bona
751 3221 800 3274 lilii
810 3241 942 3292 nunquam
953 3223 1145 3296 congessissent.

110 3315 136 3354 et
153 3321 253 3370 cupere.
706 3298 937 3372 7.Sibimonusuo
946 3301 1178 3368 parabuntcibum.

145 3375 474 3451 &beabitis-Ampliat
484 3375 587 3428 facistis·
672 3379 778 3433 Curium
798 3377 883 3430 innuit
896 3377 927 3429 de
941 3396 992 3445 quo
1009 3377 1062 3429 vid.
1071 3391 1124 3430 not
1143 3396 1180 3429 ιι.

146 3461 171 3524 4.
188 3456 279 3527 Quum
290 3457 352 3509 bene
364 3459 476 3510 cesserit.
487 3455 547 3520 Erat
558 3453 623 3506 inter
704 3458 727 3509 8.
739 3455 795 3509 Per
794 3457 894 3526 fictiles
904 3456 966 3508 deos
978 3459 1093 3525 rele'giose
1101 3460 1181 3524 juro-
1272 3511 1278 3520 ,

110 3534 206 3588 modos
215 3533 331 3588 solennes
339 3553 398 3608 opes
410 3545 434 3586 et
448 3533 577 3585 facultates
588 3531 623 3584 si·
671 3533 757 3586 baur.
770 3532 897 3585 Similiter
905 3531 1001 3584 Tibull.
1013 3533 1085 3605 Eleg.
1097 3533 1109 3584 l
1122 3570 1129 3598 ,
1142 3533 1179 3597 X,

111 3612 138 3664 bi
148 3612 306 3665 adscisceudi
312 3610 456 3686 dupleahac
461 3623 534 3664 tetulo
544 3609 619 3662 ratio:
672 3633 703 3666 nn
715 3625 768 3684 sqq.

109 3694 268 3758 inmutatio,
291 3709 369 3763 genus
387 3704 494 3761 quaestus
515 3689 624 3742 faciendi
703 3711 728 3759 9.
746 3691 802 3761 Qui
810 3691 870 3742 illos
881 3694 1068 3743 invocaverunt.
1080 3701 1126 3741 etc.
1137 3689 1181 3741 Ad

112 3767 228 3840 pecuniis
251 3779 274 3819 et
294 3767 384 3821 llomse
401 3781 425 3820 et
446 3769 473 3820 in
486 3767 622 3841 provinciis
670 3766 798 3840 Regulum
809 3778 919 3840 spectat;
934 3767 1110 3839 nesallereut,
1127 3766 1144 3817 i.
1157 3785 1180 3818 e.

111 3845 205 3897 loenori
216 3843 339 3909 locandis,
350 3857 403 3897 turn
413 3865 473 3898 vero
486 3845 560 3898 etiam
572 3847 622 3898 fru-
670 3859 698 3898 ut
709 3845 836 3918 promissis
847 3857 948 3896 starent

109 3922 320 3993 mentisaliisque
326 3921 451 3975 mercibus
460 3923 569 3975 Romam
579 3921 622 3976 ad·
706 3921 868 3974 inflictum
876 3919 1098 3975 noster.lll.Curius
1109 3921 1181 3974 Den-

109 3999 237 4053 velaendis
255 3999 366 4053 seboim
383 3999 463 4071 pretio
479 3999 622 4053 vendendis
670 4011 750 4064 tatus,
772 4018 848 4069 quem
865 4019 937 4071 rapas
954 4011 1103 4070 coquentem
1114 3997 1182 4053 adie-

110 4077 364 4146 (Emotctavfflie
373 4078 623 4147 Negotiator):alter
672 4089 731 4130 rnnt
754 4077 897 4130 Samnitum
918 4076 1004 4149 legati.
1018 4075 1071 4130 Cic.
1092 4076 1182 4130 Caton.

111 4157 204 4210 modus
216 4159 313 4210 militia
326 4154 518 4224 continebatur,
538 4153 623 4229 inpri-
676 4165 715 4220 16;
723 4155 790 4208 Plin.
801 4158 836 4208 N.
848 4156 882 4208 ll.
893 4154 937 4208 lib.
945 4155 1017 4220 xllt,
1028 4155 1113 4230 cap-b.
1122 4156 1182 4210 Ena

110 4235 161 4287 mis
171 4234 197 4287 in
210 4233 283 4287 bellis
291 4253 351 4286 ensn
365 4233 475 4288 barbaris
487 4273 494 4300 ,
506 4235 538 4286 el.
551 4234 624 4307 Hey-
674 4233 764 4286 Curius
773 4233 851 4286 modo
862 4233 957 4287 cousul-
