2978 4942
460 521 560 590 cro.
585 521 636 610 v,
662 521 773 590 car.
800 519 867 588 vr.
1135 517 1202 618 ss,

127 675 226 736 mus,
245 675 347 745 quam
371 652 487 747 priora
504 648 729 721 reddidimus.
756 652 829 720 Nec
847 648 926 719 ideo
943 673 1013 718 non
1028 651 1201 744 petimus,

126 785 190 841 aut
217 769 365 863 turpiter
393 770 561 863 petimus,
590 769 672 862 qnia
694 791 766 837 non
790 763 959 838 reddituri
979 764 1202 837 debebimus:

129 888 215 979 quia
228 910 297 955 non
309 909 373 980 per
384 909 448 956 nos
462 887 530 956 erit
541 910 653 970 mora,
671 909 742 979 quo
760 886 872 954 minus
889 885 1071 978 gratissimi
1083 887 1202 954 simus.

127 1000 201 1070 Sed
212 1001 419 1070 interveniet
432 999 565 1094 aliquid
577 999 805 1087 extrinsecus,
821 999 912 1092 quod
926 998 1129 1093 prohibeat,
1144 1023 1207 1068 nos

129 1131 246 1186 tamen
266 1141 332 1186 nec
347 1118 529 1188 vincemur
543 1117 678 1200 animo,
699 1137 765 1186 nec
786 1118 932 1210 turpiter
949 1116 1006 1185 bis
1020 1115 1126 1186 rebus
1145 1140 1204 1186 su-

127 1234 343 1328 perabimur,
364 1255 442 1326 quae
458 1257 528 1303 nou
544 1248 625 1304 sunt
643 1233 682 1302 in
699 1247 816 1302 nosne
831 1244 1012 1327 potestate.

126 1455 128 1460 Ι
181 1359 242 1428 VI.
258 1355 455 1428 Alexander
480 1355 707 1437 Macedonum
732 1360 815 1426 rex'
843 1357 984 1452 gloriari
1010 1356 1159 1442 solebat,
1186 1381 1207 1426 a

126 1476 228 1547 nullo
246 1496 283 1546 oe
297 1475 475 1546 beneficiis
492 1477 633 1546 victum.
653 1478 732 1546 Non
754 1473 917 1569 estquod
935 1476 1062 1544 o'imius
1079 1476 1208 1566 ’animi

127 1591 361 1679 Macedonas,
386 1607 421 1663 et
441 1587 619 1678 Grvecos³,
643 1608 678 1664 et
700 1587 843 1678 Caras⁴,
862 1609 898 1663 et
913 1595 1034 1663 Persas
1044 1583 1073 1680 ⁵,
1092 1609 1127 1662 et
1144 1617 1207 1662 na-

128 1825 207 1858 suum
217 1805 327 1880 attingit,
334 1804 379 1876 qui
389 1801 643 1870 hueliciumreiertt
694 1815 767 1874 esset,
774 1804 952 1859 beneficiiseos
959 1804 1131 1859 seeumulatse
1139 1803 1210 1858 ideo-

129 1885 154 1938 is
169 1884 284 1955 sequitur
293 1883 337 1954 qui
350 1885 442 1937 referre
453 1895 548 1949 tenus,
560 1896 584 1936 et
593 1901 645 1956 gra·
694 1895 742 1956 qtae
753 1883 843 1937 vicisse
853 1884 951 1958 putavit
962 1884 1115 1938 Alexander.

128 1974 187 2014 tum
200 1961 317 2015 animum
331 1959 391 2014 nisu
410 1960 487 2014 etism
503 1959 575 2014 inard
592 1959 645 2013 de-
727 1981 750 2014 a.
760 1961 868 2016 Niniue
876 1964 969 2016 onimi-
976 1961 1085 2027 Σύνταξις
1094 1963 1208 2036 poetica,

126 2053 264 2094 monstrat.
495 2081 498 2091 .
693 2063 740 2118 pro
763 2043 829 2097 :vir
849 2043 943 2100 animat
956 2044 1013 2116 plus
1034 2043 1212 2102 insolescentis

57 2183 61 2188 Ι
164 2119 212 2174 vl.
224 2121 297 2173 Aac.
307 2119 445 2174 Alexandri
454 2118 554 2172 animus
565 2115 611 2189 qui
617 2135 645 2170 se
694 2140 772 2192 quam
785 2141 830 2195 par
845 2133 889 2174 est.

128 2199 388 2274 gloriabaturanullo
393 2195 643 2260 beneficllst'ltlum
728 2202 751 2256 3,
764 2201 878 2256 Groecos,
887 2201 994 2256 Graeciae
1005 2201 1052 2255 toti
1064 2199 1208 2255 Alexander

127 2279 178 2349 qui
191 2291 276 2332 umen
288 2293 369 2347 quum
382 2276 431 2331 hoc
449 2275 559 2342 diceret,
571 2293 646 2327 erra·
694 2279 914 2353 imperabatquam
923 2292 947 2334 et
955 2279 1166 2352 enteaPhilippus
1175 2277 1212 2333 di·

129 2357 183 2412 bat.
203 2355 328 2410 Archelao
345 2355 408 2426 quid
423 2352 581 2428 responderit
592 2351 646 2405 So-
694 2357 759 2411 tioni
772 2376 824 2413 sute
833 2358 909 2412 armis
920 2357 1073 2431 subjecerat,
1082 2369 1107 2410 et
1118 2357 1211 2410 deinde

129 2446 213 2488 crates
224 2448 250 2488 et
257 2453 335 2507 quam
347 2433 421 2487 bene.
432 2429 647 2486 Nolebatscilieet
692 2437 748 2512 ipse
761 2436 866 2490 ineunte
878 2457 959 2512 regno
971 2435 1120 2491 rebellantes
1131 2433 1210 2489 devi-

127 2509 647 2590 pbilosopbusaregebeneficieaceipere,
697 2525 771 2568 cent.

128 2595 204 2668 paria
213 2613 268 2647 noa
276 2592 429 2646 redditurus.
440 2592 475 2644 At
483 2587 552 2664 paria
559 2607 649 2641 nonne
729 2592 754 2658 4.
763 2587 964 2664 Qoreancolss
974 2589 1070 2658 Cariae,
1078 2607 1136 2661 quse
1143 2589 1212 2644 asie

130 2668 305 2727 reddidisset?
323 2672 449 2724 Naturam
466 2686 552 2721 rerum
569 2664 649 2719 modo
697 2667 805 2721 minoris
820 2667 963 2742 provincia,
976 2669 1013 2721 sie
1025 2668 1092 2721 dicta
1104 2686 1119 2720 s
1131 2666 1211 2740 prisco

131 2750 280 2817 docuisset,
292 2749 345 2823 jam
355 2767 400 2822 par
413 2767 440 2800 re
451 2746 587 2800 exstitisset.
696 2766 757 2820 rege
774 2745 855 2810 Care,
870 2746 964 2800 limites
981 2745 1093 2800 babebat
1104 2757 1213 2818 septem·

171 2849 192 2882 r.
210 2829 370 2882 Alexander
379 2826 560 2879 Macedonum
576 2847 646 2898 rex,
696 2825 806 2879 trionem
827 2843 920 2878 ‘rusus
940 2825 1124 2888 Meandrum,
1148 2821 1211 2875 alibi

131 2921 181 2965 ete.
204 2908 334 2980 Superbus
355 2904 502 2959 Alexander
527 2904 649 2977 gloriatus
696 2901 839 2976 Phrygiam
868 2903 1024 2977 Lyciamque
1049 2914 1075 2954 et
1098 2899 1211 2954 icarium

132 2999 173 3041 est
183 3026 191 3054 ,
202 3008 229 3041 se
240 2987 321 3040 multa
332 2981 456 3037 beneficia
471 2981 607 3037 contulisse
619 2984 648 3036 in
696 3001 766 3034 mare
779 2994 806 3035 et
816 2984 959 3035 Internum.
974 2981 1100 3035 Caeterum
1114 2978 1209 3045 Cares,

130 3068 310 3132 Macedones,
326 3077 388 3130 cte,
401 3081 448 3116 nee
459 3061 491 3116 ab
507 3063 539 3115 iis
550 3062 647 3116 vietum
697 3080 843 3132 quanquam
853 3081 883 3114 aa
890 3071 961 3114 aetate
971 3058 1030 3112 satis
1036 3070 1211 3132 potentesque·

131 3142 388 3198 cssebeneliciistsed
397 3161 451 3194 non
464 3129 600 3215 cogitavit,
614 3141 646 3194 ab
694 3139 801 3213 Trojam
811 3151 909 3212 captam
925 3151 1010 3198 secuta
1024 3151 1075 3201 est,
1088 3137 1149 3190 victi
1158 3138 1211 3190 sere

131 3224 176 3277 his
194 3224 254 3296 ipsis
266 3221 366 3296 populis
379 3219 429 3272 sibi
442 3219 580 3293 praestitum
593 3239 647 3274 esse
695 3238 794 3291 semper
815 3239 831 3271 a
850 3215 1036 3292 potentioribus
1058 3227 1082 3269 et
1104 3213 1210 3269 edomiti

132 3302 288 3356 immensum
296 3307 496 3370 suumregnuni,
504 3298 612 3371 ideoque
620 3319 646 3352 se
695 3310 761 3352 suot.
774 3299 869 3366 Quales
883 3298 986 3350 tuerent
999 3295 1085 3348 Minos
1098 3293 1211 3347 Creten·-

132 3381 186 3452 jam
195 3378 347 3433 hieratione
356 3376 427 3430 abiis
437 3377 532 3430 victum
545 3377 647 3430 essebe⁴
696 3377 762 3431 sium
776 3395 833 3440 rex,
848 3374 958 3440 Nileus,
975 3373 1092 3440 Croesus,
1110 3372 1209 3445 Cyrus,
1252 3371 1256 3382 '

132 3457 243 3512 neheiis.
253 3455 409 3511 Macedonas
416 3468 516 3518 autem,
527 3454 647 3519 Gmcos,
697 3453 837 3518 Mausolus,
847 3452 963 3506 etdenuo
972 3449 1124 3504 Alexander.
1135 3449 1212 3503 Unde

134 3537 214 3588 Caras
223 3536 266 3602 (ci.
274 3547 347 3586 notat
355 3533 414 3586 infr.
424 3552 431 3595 ς
440 3545 495 3584 tum
502 3533 536 3602 Q.
545 3531 649 3585 Curtdc
699 3533 771 3588 Caris
782 3553 878 3586 nomen
884 3532 954 3584 idem
964 3533 1017 3584 iere
1027 3530 1111 3583 suites
1121 3546 1211 3582 seruus
1302 3565 1304 3570 -

131 3614 199 3669 Reb.
208 3615 277 3668 Gest.
291 3613 362 3668 Alex.
374 3612 420 3665 lib.
432 3612 472 3666 lll
487 3625 512 3665 et
523 3613 561 3666 IV
573 3625 599 3665 et
606 3614 650 3665 Ar·
699 3625 725 3665 et
745 3633 791 3687 pro
809 3609 859 3663 hoc
877 3610 905 3662 in
926 3607 1025 3662 fabellis
1047 3606 1211 3660 Comieornm

132 3692 305 3766 rieniExped.
320 3691 391 3745 Alex.
399 3677 421 3756 l,
431 3710 474 3756 ao,
487 3693 544 3756 ete.)
555 3691 652 3744 etPer·
698 3709 764 3764 saepe
775 3699 922 3763 usurpatum
934 3687 1071 3740 invenitur.

132 3791 174 3826 sas
184 3791 242 3826 cum
254 3769 363 3824 exercitu
371 3789 417 3822 suo
425 3768 474 3821 sibi
482 3767 598 3840 subjecit,
606 3767 648 3820 vel
723 3767 992 3821 5.Persas.Persarum
998 3763 1104 3817 nomine
1110 3763 1212 3838 proprie

131 3847 266 3904 beneficiis
276 3848 392 3901 maximis
403 3846 576 3912 affecit,alias
587 3866 648 3899 vero
698 3847 896 3921 designabantur
911 3845 1003 3898 incolae
1019 3842 1138 3898 Persidos
1153 3857 1212 3912 quae
1270 3877 1272 3882 ·

133 3930 252 3984 nationes
262 3932 318 3983 sine
328 3931 459 3996 exercitu,
474 3927 530 3983 solo
541 3938 650 3980 metuet
697 3925 830 4002 provincia
849 3925 877 3979 in
896 3923 1006 3992 spatium
1027 3922 1155 3975 mediocre
1171 3941 1212 3994 pa·

132 4008 217 4083 gloria
230 4027 277 4061 sua
292 4009 447 4071 distrinxit,
464 4005 482 4057 i.
500 4027 522 4058 e.
539 4004 647 4076 ligavit,
698 4018 754 4059 teus
765 4004 869 4068 Media,
887 4000 1040 4066 Germania,
1052 3997 1213 4072 Rabylonis,

133 4086 299 4160 subjugavit,
314 4085 367 4138 sive
387 4085 526 4160 separavit,
545 4083 651 4138 divulsit
698 4082 808 4137 Susiana
820 4079 1017 4134 etsinuPersico
1027 4076 1214 4130 continebatur.

131 4161 650 4236 abimperiol’ersarumsuoqueadjunxit.
698 4154 1074 4233 llacegressi,regnanteCyro,
1084 4153 1213 4218 Mediam,

132 4244 193 4295 Jam
201 4259 282 4311 quum
294 4241 448 4295 securosbos
457 4241 565 4314 populos
574 4259 650 4312 praes-
699 4236 886 4311 Babyloniam,
899 4235 990 4288 Bactra
1007 4234 1174 4308 subjugavere
1189 4246 1213 4286 et

133 4331 218 4399 taret,
237 4331 262 4372 ct
281 4317 312 4372 de
330 4319 408 4372 salute
426 4338 516 4373 eorum
529 4317 650 4374 sollicitos
699 4335 790 4370 omues
800 4316 867 4372 Asiae
879 4312 1023 4389 provincias
1034 4312 1068 4368 ad
1080 4309 1214 4382 Scythiam
