2954 4926
189 483 194 496 ·
300 458 369 526 636
636 455 705 526 DE
727 457 1029 530 BENEFICIIS

300 611 410 654 meum
428 611 496 655 non
520 589 599 656 vis?
616 611 721 681 quare
737 591 922 685 obligatum
939 593 1077 660 moleste
1094 593 1212 660 iers'?
1231 617 1363 684 qnare,

299 702 395 792 quasi
409 726 486 770 cum
500 703 624 772 neerbo
641 706 863 789 ioenerntore,
880 709 1016 802 signare
1034 712 1367 802 purem¹properusi

298 815 394 908 Quid
407 819 491 886 mihi
513 823 684 914 negotium
708 824 833 914 qumris
846 824 862 890 i
874 823 958 915 quid
971 825 1008 891 in
1023 847 1076 892 me
1089 824 1170 892 deos
1184 825 1368 892 immittis?

297 934 464 1026 quomodo
476 938 647 1030 exigeres,
665 941 725 1031 qni
743 941 792 1008 sic
805 939 946 1009 reddis?
1317 925 1322 934 ⁸

345 1053 437 1118 XLI.
460 1051 548 1120 Ante
561 1055 673 1122 omnia
690 1079 791 1148 ergo,
809 1054 996 1138 Liberalis,
1015 1052 1081 1124 hoc
1093 1052 1283 1138 discemus,
1300 1054 1364 1122 be-

296 1167 419 1237 neficis
432 1192 550 1238 secure
563 1170 706 1254 debere,
724 1187 760 1239 et
772 1173 963 1240 oeeesiones
981 1169 1233 1239 reddendorum
1250 1169 1367 1238 obser-
1392 1255 1396 1266 Ι

296 1307 395 1366 vare,
411 1309 480 1353 non
494 1310 597 1354 mann
614 1281 744 1356 ineere³
761 1315 769 1356 z
791 1286 881 1355 hane
898 1289 1004 1381 ipsam
1017 1286 1236 1380 cupiditatem
1255 1288 1366 1380 primo

295 1425 431 1494 quoqne
448 1418 598 1496 tempore
612 1401 780 1474 liberandi
794 1429 851 1490 se,
868 1405 1119 1473 meminerimus
1132 1405 1258 1497 ingrnti
1271 1427 1359 1471 esse.

294 1520 401 1586 Nemo
418 1521 508 1587 enim
522 1519 669 1588 libenter
681 1517 811 1603 reddit,
827 1521 919 1613 qnod
936 1521 1059 1587 invitus
1079 1516 1180 1586 debet
1198 1541 1207 1583 τ
1221 1533 1258 1585 et
1268 1517 1362 1609 quod

295 1635 386 1729 apud
403 1659 439 1704 se
456 1661 524 1705 non
546 1638 618 1705 vnit
638 1662 710 1706 esse
721 1688 733 1723 ,
761 1662 844 1706 onus
863 1635 995 1730 judicat
1017 1661 1112 1716 esse,
1133 1660 1201 1703 non
1219 1661 1358 1703 munus.

254 1777 269 1842 φ
295 1751 431 1842 Quanto
442 1753 562 1821 melius
571 1753 762 1846 sejustius,
780 1755 816 1821 in
829 1767 989 1848 promptu
1000 1751 1128 1820 habere
1142 1753 1263 1819 merite
1276 1752 1362 1818 nmi-

293 1891 408 1936 corum
423 1885 457 1936 et
474 1869 617 1954 offerre,
635 1873 703 1938 riou
719 1871 900 1964 ingerere,
919 1893 984 1937 nec
1005 1870 1189 1938 obernum
1210 1865 1249 1935 'se
1265 1867 1362 1958 judi-

292 1986 398 2053 care?
420 1987 579 2076 quoniam
599 1986 802 2055 beneficium
827 2009 1005 2053 commune
1028 1983 1201 2052 vinculum
1225 1999 1297 2064 est,
1326 2001 1360 2051 et

293 2101 383 2168 inter
396 2125 431 2168 se
445 2101 530 2170 dnos
545 2102 676 2196 alligat.
697 2103 779 2184 Die,
798 2100 892 2168 Nihil
905 2123 1029 2182 moror,
1048 2123 1116 2192 quo
1129 2099 1242 2167 minus
1263 2114 1358 2167 tuum

292 2233 483 2284 revertatur
508 2217 553 2286 ad
581 2235 615 2286 te
645 2244 653 2284 :
682 2232 761 2311 opto
786 2217 904 2284 hilaris
924 2217 1091 2310 accipias,
1122 2217 1150 2283 si
1171 2217 1357 2284 necessitas

205 2421 208 2428 Ι
290 2332 444 2401 altemtri
464 2350 615 2403 nostrum
637 2335 805 2416 imminet,
828 2334 963 2425 fatoque
981 2331 1126 2426 quodem
1142 2335 1260 2401 datum
1282 2351 1353 2416 est,

291 2463 330 2515 ut
353 2465 411 2518 aut
425 2466 459 2518 tu
475 2451 608 2545 coffsris
619 2449 822 2518 beneficium
836 2451 990 2542 recipere
999 2500 1011 2536 ,
1026 2465 1086 2520 ant
1098 2474 1163 2543 ego
1174 2449 1353 2543 accipere,

291 2563 349 2631 det
365 2567 479 2657 potius
492 2567 551 2658 qui
563 2566 660 2634 solet.
676 2569 747 2658 Ego
759 2580 895 2658 paratus
910 2589 996 2633 sum.

489 2735 582 2797 Nulla
595 2755 682 2795 mura
695 2733 727 2794 in
739 2729 868 2794 'l'urno⁴
881 2731 889 2790 Ξ

289 2889 460 2960 ostendam
477 2892 570 2958 hune
584 2892 753 2973 animum,
775 2913 877 2981 quum
900 2889 1046 2980 primum
1061 2903 1192 2980 tempus
1205 2885 1354 2954 advene-

289 3009 334 3076 rit
351 3035 358 3074 :
377 3009 513 3076 interim
529 3008 577 3074 dii
594 3023 693 3076 testes
705 3021 797 3076 sunt.

335 3126 446 3194 XLII.
463 3125 582 3208 Soleo,
596 3125 641 3191 mi
656 3122 840 3205 Liberalis,
854 3137 970 3189 notare
980 3121 1071 3188 hunc
1082 3123 1118 3188 in
1132 3136 1164 3214 te
1177 3122 1353 3203 affectum,

322 3361 443 3434 r.Quare
451 3365 594 3433 obligatum
606 3365 710 3416 moleste
710 3362 791 3432 firs?
840 3371 922 3411 nutem
939 3371 996 3411 ente
1015 3371 1111 3430 tempus
1128 3377 1205 3410 menn
1225 3361 1353 3412 faciende.

287 3440 331 3494 Sic
341 3461 429 3494 omnes
442 3441 515 3495 codd.
529 3455 553 3495 et
563 3441 676 3514 piurimae
689 3439 745 3492 edd.
759 3443 791 3490 At
842 3453 846 3462 ’
872 3435 1201 3509 3.Mnnusacere.1.npsn
1211 3449 1355 3489 nostrane-

286 3519 399 3571 Muretus
411 3537 418 3573 ε
429 3520 575 3593 obligatus,
588 3531 633 3572 etc.
841 3533 942 3566 cessere.
955 3514 995 3566 ci.
1014 3513 1046 3565 ad
1060 3513 1164 3566 Consol-
1185 3513 1218 3565 ed
1231 3515 1314 3567 Mers.
1330 3537 1352 3568 e.

318 3617 341 3648 n.
355 3597 467 3668 Siguese
475 3617 566 3665 parem
584 3617 672 3649 omnes
687 3595 790 3670 scripti,
845 3611 889 3664 ¹9·
900 3611 923 3642 ²·

285 3673 377 3726 omissa
397 3675 498 3748 vulgate
517 3692 524 3726 :
541 3679 672 3728 rationem.
696 3703 728 3715 -
750 3674 791 3726 Si·
872 3671 895 3735 4.
909 3671 993 3723 Nuita
1003 3673 1117 3722 marein
1133 3669 1228 3722 Turno.
1241 3671 1354 3724 Fatise-

281 3771 373 3818 gnare.
395 3754 533 3826 signantur
556 3753 683 3815 rationes,
711 3771 789 3822 quum
839 3751 993 3803 mistichium
1002 3745 1351 3823 virgiliiAEntid.iib.xii,

284 3831 407 3885 finiuntur
430 3850 437 3885 t
461 3853 539 3903 quum
565 3831 629 3884 bene
652 3831 789 3902 dispunttae
838 3849 875 3881 vs.
896 3848 933 3880 ιι.
1249 3869 1257 3884 .

284 3923 310 3962 et
331 3929 401 3983 pares
417 3911 488 3964 seciae
510 3909 713 3982 comprobentur.
732 3908 787 3961 lmo
872 3905 951 3958 xiii.
962 3905 1274 3976 Anti-Liberalemipsurn
1284 3925 1355 3958 eom·

283 3987 327 4039 iiia
340 3987 393 4062 ipsa
403 3988 479 4040 verba
488 3987 608 4041 videntur
618 3987 787 4059 subscripsisse
836 3986 928 4062 pellat,
939 3998 964 4036 et
972 3997 1113 4058 promptum
1127 3985 1204 4037 nimis
1214 3985 1246 4036 ed
1258 3983 1355 4038 bened·

284 4065 310 4117 in
322 4065 415 4118 codicis
424 4065 521 4140 paginis
531 4106 538 4133 ,
548 4068 685 4135 parratio.
837 4066 876 4118 sie
894 4062 1023 4116 reddenda
1043 4064 1174 4136 vituperat.
1188 4063 1356 4134 Objeetinnes

317 4142 382 4194 xti.
390 4143 575 4198 heortasio
585 4142 708 4196 reddendi
716 4141 789 4194 bene·
838 4142 915 4196 diluit
926 4161 987 4218 quas
1005 4142 1048 4194 iiie
1065 4163 1077 4192 e
1097 4143 1170 4194 ismae
1187 4141 1318 4195 desiderio
1331 4155 1358 4195 et

282 4218 332 4272 ficii
354 4239 439 4272 secure
468 4221 632 4294 exspectanda
655 4233 711 4287 αις
737 4239 790 4272 non
841 4219 1204 4274 oetesiunnmrsriietedurit.
