2966 4948
149 518 490 608 FRIDERICI
519 521 797 610 ERNESTI
825 524 1122 612 RUHKOPF

263 897 265 904 ·
397 847 876 975 PRAEFATIO

352 1205 363 1270 (
376 1203 414 1258 1¹22
426 1193 466 1254 IV
483 1201 622 1256 voluminis
633 1202 780 1275 prefatione
792 1185 904 1278 excerpta
916 1205 935 1272 ).

496 1501 786 1534 uantur—-

132 1895 258 1959 Lunurr
275 1911 317 1958 nu
330 1911 441 1958 nourr
455 1896 595 1963 Cutonrr
613 1896 760 1964 cassus
777 1895 813 1959 b
836 1897 875 1960 a
895 1895 1018 1960 Senecae
1039 1911 1070 1960 et
1090 1901 1176 1960 codd.

93 2025 170 2066 mss.
186 2017 219 2066 ct
232 2019 340 2066 ornnes
359 2003 491 2067 editores
505 2017 594 2086 atque
611 2004 721 2086 reliqui
732 2004 790 2066 viri
800 2004 879 2066 docti
892 2048 902 2081 ,
917 2004 970 2086 qui
982 2002 1070 2086 hujus
1082 2024 1177 2087 opus-

93 2109 153 2172 culi
171 2109 362 2172 mentionem
381 2108 533 2188 secenum,
550 2111 694 2174 tribuere.
704 2109 779 2174 Jam
791 2111 817 2174 si
826 2111 905 2174 sorte
916 2106 1174 2194 Erasmo(Adag.

96 2216 173 2278 ι3οι
187 2217 203 2292 )
216 2228 247 2279 et
256 2213 400 2279 Fabricio
416 2215 578 2297 (Bibliotb.
589 2215 655 2280 bat
671 2217 723 2279 lib.
738 2216 785 2290 11,
807 2238 833 2280 c.
852 2231 905 2294 xl,
916 2239 948 2300 p.
968 2239 1047 2301 109,
1064 2230 1108 2278 to.
1119 2215 1171 2292 11,

93 2321 164 2382 edit.
189 2319 347 2400 Emest.)‚
372 2321 460 2384 fidem
485 2322 671 2398 babeamus,
695 2323 745 2385 bic
770 2321 857 2385 ludus
881 2322 1015 2406 primum
1037 2342 1055 2384 a
1074 2321 1172 2385 Beato

92 2424 248 2489 Rhenano
264 2427 297 2489 in
312 2424 482 2492 Germania
496 2443 635 2513 repertus
651 2429 683 2489 in
699 2429 800 2491 locem
817 2426 949 2490 emersit.
966 2425 1029 2490 Sed
1047 2449 1110 2490 non
1124 2450 1172 2490 us-

92 2553 275 2615 quequaque
295 2553 403 2598 venun
418 2532 479 2597 boc
496 2554 563 2597 esse
582 2533 672 2598 facile
682 2549 728 2596 est
743 2536 782 2596 ad
794 2534 974 2596 docendum.
987 2532 1025 2594 ln
1039 2530 1174 2596 Germa-

93 2639 144 2700 nia
168 2661 190 2702 a
216 2639 315 2704 Beato
332 2637 485 2703 Rhenano
501 2641 603 2726 primo
622 2641 702 2704 bunc
723 2641 828 2704 ludum
854 2640 969 2703 editum
994 2639 1175 2722 scholiisque

97 2744 285 2808 illustratum
302 2747 382 2809 inter
401 2743 526 2809 Senecae
545 2743 651 2830 Opera
671 2745 712 2808 ab
730 2743 862 2809 Erasmo
880 2746 1028 2810 recensita
1046 2745 1175 2808 Basileae

94 2871 123 2911 a.
142 2851 247 2929 1515,
272 2851 348 2930 tot,
370 2865 400 2914 ct
417 2853 524 2915 deinde
549 2873 577 2913 a·
601 2851 699 2938 1539,
720 2875 814 2935 quum
835 2853 927 2916 editio
943 2850 1102 2916 Erasmica
1123 2875 1176 2916 se-

94 2960 194 3020 crmda
218 2960 281 3040 jam
300 2977 362 3022 non
387 2959 494 3043 procul
515 2981 533 3021 a
554 2960 614 3023 fine
629 2960 768 3037 abesset,
793 2962 873 3022 notis
889 2960 1000 3024 criticis
1019 2963 1176 3044 adjutum,

94 3079 296 3148 posteaquam
312 3064 426 3130 Beatus
445 3067 582 3131 codicem
595 3065 930 3150 Weissenburgeusem
942 3087 1005 3128 non
1020 3067 1117 3150 magis
1129 3067 1177 3129 la-

94 3187 202 3230 cerum
221 3187 314 3249 quam
331 3169 426 3230 ceteri
441 3182 531 3245 sunt,
552 3181 656 3232 nactus
673 3182 771 3244 esset,
794 3168 826 3229 in
849 3168 974 3230 dubium
999 3169 1103 3230 vocari
1119 3189 1179 3230 ne-

95 3274 170 3354 quit.
200 3270 270 3356 lpse
292 3271 407 3336 Beatus
429 3272 596 3336 Rhenanus
620 3273 680 3336 boc
700 3273 790 3336 nobis
811 3272 854 3336 ibi
873 3275 972 3336 tradit
994 3271 1098 3338 Codex
1125 3274 1177 3336 ille

94 3381 147 3441 ubi
169 3399 252 3443 nnnc
269 3379 448 3457 delitescat,
470 3380 571 3444 dicere
594 3401 657 3442 non
681 3397 806 3463 possum
824 3404 831 3439 ε
849 3380 937 3463 parri
957 3393 1060 3441 tamen
1084 3380 1176 3442 fuisse

94 3488 188 3570 pretii
198 3485 312 3550 Beatus
330 3487 396 3571 ipse
416 3487 522 3550 inntrd.
543 3485 615 3549 Fuit
626 3487 727 3562 euim,
750 3499 784 3546 ut
804 3487 867 3570 ejus
884 3487 987 3554 verbis
1002 3499 1084 3559 utar,
1099 3487 1178 3548 scri-

93 3608 193 3676 pturae
211 3593 302 3678 plane
322 3594 531 3672 miserabilis,
561 3594 693 3678 vestigiis
714 3607 818 3656 tamen
840 3593 990 3676 aliquibus
1011 3593 1176 3655 verborum

96 3698 280 3763 Graecorum
298 3700 490 3764 exstantibus.
511 3697 681 3762 Enimvero
700 3714 730 3763 et
749 3697 915 3762 Erasmum
933 3714 963 3763 et
979 3698 1175 3777 Fabricium,

96 3829 189 3890 quem
203 3829 261 3870 nec
274 3805 399 3870 Ernesti
413 3807 445 3868 iu
461 3819 578 3871 rectum
597 3807 751 3868 tramitem
769 3807 911 3884 deduxit,
927 3806 1021 3870 salsos
1035 3828 1123 3884 esse,
1139 3828 1176 3868 ex

96 3913 187 3976 Beati
209 3912 271 3975 Rb.
297 3913 471 3975 narratione
498 3911 616 3976 ciarum
636 3925 689 3974 est
719 3910 1008 3974 naisitanum
1029 3933 1095 3996 cap.
1116 3928 1172 3986 vr,

97 4044 128 4102 p.
150 3999 234 4104 670⁴,
251 4021 297 4081 ed
309 4017 430 4082 Erasm.
445 4015 477 4080 ll
495 4043 501 4076 :
520 4015 563 4079 Et
576 4019 763 4100 imposuerat
781 4015 908 4080 Herculi
919 4016 1047 4081 minimo
1067 4017 1176 4080 discri-

97 4123 181 4186 mine
192 4125 328 4188 fabulam
340 4139 396 4188 etc.
409 4170 418 4201 ‚
429 4125 510 4186 addit
527 4124 580 4186 ille
594 4123 659 4186 brec
673 4123 766 4186 verba
786 4147 793 4182 ε
809 4152 823 4178 ιι
839 4123 1066 4206 Manuscriptus
1080 4125 1175 4185 codex

98 4253 159 4294 non
161 4231 299 4309 subudum
310 4232 419 4308 babet,
429 4233 480 4294 sed
481 4226 594 4309 scabros.
611 4229 692 4292 Earn
702 4231 864 4294 dictionem
880 4233 984 4294 doctus
995 4230 1102 4311 aliquis
1111 4252 1174 4292 mu-
