2876 4940
294 536 362 604 586
438 600 441 616 ,
564 539 566 544 “
633 531 1038 606 DEBENEFICHS

292 681 383 745 tum,
402 661 463 729 sed
477 663 558 754 quia
571 677 771 755 corruptum
784 676 846 729 est.
863 656 998 756 Aliquis
1012 688 1109 734 reum
1125 691 1179 735 me
1195 667 1366 736 defendit:

292 779 354 848 sed
370 803 510 847 uxorem
530 803 640 847 meam
663 804 727 873 per
748 780 817 847 vim
831 794 950 874 stupro
965 781 1117 851 violavit.
1142 787 1222 853 Non
1236 785 1370 855 abstulit

291 895 517 976 beneficium,
538 895 599 962 sed
625 893 831 989 opponendo
858 894 910 963 illi
932 921 1050 991 parem
1070 899 1256 992 injuriam,
1277 902 1369 970 soluit

292 1039 347 1081 me
369 1011 486 1081 debito
502 1040 510 1081 ε
528 1014 605 1080 etsi
622 1012 820 1106 pluslaesit,
847 1038 950 1106 quam
972 1030 1052 1084 ante
1074 1019 1278 1110 profuerat,
1307 1045 1368 1087 non

293 1147 424 1200 tantum
444 1132 554 1226 gratia
572 1131 812 1224 exstinguitur,
833 1127 895 1198 sed
918 1131 1106 1201 ulciscendi
1134 1137 1369 1228 querendique

292 1245 434 1316 libertas
449 1248 510 1330 fit,
528 1247 589 1315 ubi
603 1247 640 1315 in
654 1249 907 1341 comparatione
921 1247 1083 1320 beneficii
1099 1253 1370 1347 praeponderant

251 1399 266 1430 2
293 1365 420 1458 injuria
433 1391 441 1432 ι
456 1365 503 1434 ita
513 1389 583 1434 non
596 1365 752 1433 aufertur
764 1365 984 1450 beneficium,
999 1367 1060 1436 sed
1071 1357 1236 1440 uincitur.
1255 1371 1370 1463 Quid?

294 1509 363 1552 non
383 1500 450 1552 tam
474 1481 554 1551 duri
573 1484 734 1576 quidam,
761 1498 884 1555 ettam
908 1485 1066 1555 scelerati
1086 1503 1203 1581 patres
1220 1469 1324 1570 sunt,
1339 1505 1369 1556 ut

293 1597 370 1670 illos
393 1603 545 1670 aversari
558 1611 605 1668 'et
628 1601 782 1694 ejurare¹
795 1603 853 1695 jus
878 1603 997 1696 fasque
1014 1605 1084 1673 sit?
1099 1606 1280 1698 Numquid
1295 1631 1368 1699 ergo

294 1720 345 1786 illi
363 1718 595 1802 abstulerunt,
614 1743 688 1810 quae
703 1717 910 1787 dederant²l
927 1721 1068 1789 minime
1086 1749 1094 1788 :
1114 1721 1177 1790 sed
1198 1715 1369 1816 ³impietas

294 1835 510 1927 sequentium
530 1851 741 1926 temporum,
769 1833 1096 1903 commendationem
1118 1835 1232 1904 omnis
1252 1839 1369 1931 prioris

295 1947 402 2015 officii
417 1949 564 2015 sustulit.
582 1951 658 2016 Non
672 1948 878 2016 beneficium
892 1949 1036 2034 tollitur,
1051 1949 1112 2018 sed
1121 1950 1287 2019 beneficii
1301 1975 1368 2044 gra-

294 2065 366 2133 tia:
389 2081 424 2134 et
441 2067 613 2148 efficitur,
637 2091 706 2134 non
726 2090 769 2133 ne
787 2064 951 2151 habeam,
972 2068 1033 2136 sed
1048 2092 1092 2136 ne
1110 2069 1280 2155 debeam,
1298 2086 1368 2136 tan-

294 2209 396 2277 quam
413 2185 594 2278 pecuniam
611 2184 736 2276 aliquis
752 2185 835 2252 mihi
851 2181 999 2253 credidit
1015 2236 1025 2268 ,
1042 2187 1103 2254 sed
1113 2186 1254 2254 domum
1269 2211 1368 2255 meam

294 2297 449 2367 incendit
463 2326 471 2365 ι
485 2315 662 2392 pensatum
675 2314 725 2366 est
738 2297 907 2367 creditum
919 2297 1042 2367 damno
1057 2326 1064 2366 :
1079 2325 1142 2367 nec
1162 2298 1303 2368 reddidi
1312 2301 1368 2382 illi,

253 2430 269 2482 3
295 2437 360 2481 nec
379 2430 491 2481 tamen
509 2412 632 2480 debeo.
646 2413 774 2481 Eodem
790 2409 890 2481 modo
905 2429 940 2480 et
952 2413 1032 2496 hic,
1051 2413 1111 2504 qui
1129 2411 1267 2506 aliquid
1283 2413 1373 2480 beni·

298 2555 365 2624 gne
391 2530 555 2600 adversus
577 2554 631 2598 mc
660 2531 760 2610 fecit,
789 2529 922 2623 aliquid
945 2529 1148 2616 liberaliter,
1177 2527 1241 2598 sed
1262 2546 1372 2623 postea

297 2649 402 2717 multa
418 2649 586 2744 superbe,
608 2648 870 2732 contumeliose,
885 2647 1091 2716 crudeliter:
1109 2670 1149 2715 eo
1161 2646 1238 2715 loco
1252 2673 1308 2716 me
1320 2673 1373 2742 po·

297 2768 383 2848 suit,
405 2781 441 2834 ut
454 2759 621 2858 perindet
637 2763 727 2832 liber
740 2761 904 2832 adversus
928 2788 1007 2831 eum
1023 2755 1168 2844 essem⁵,
1190 2764 1293 2854 quasi
1311 2788 1371 2831 non

297 2883 502 2976 accepissem
513 2913 522 2968 3
534 2883 602 2949 vim
612 2881 790 2949 beneficiis
801 2881 871 2948 suis
879 2879 1004 2947 attulit.
1018 2877 1184 2948 Colonum
1193 2903 1296 2948 suum
1309 2904 1371 2947 non

299 2991 426 3080 tenet⁶,
448 2999 602 3090 quamvis
623 2998 777 3067 tabellis⁷
799 2997 1031 3082 manentibus,
1053 2999 1113 3090 qui
1131 3014 1286 3090 segetem
1307 2995 1371 3089 ejus

297 3117 529 3211 proculcavit,
546 3118 607 3210 qui
619 3115 763 3184 succidit
773 3107 945 3184 arbusta⁸2
962 3139 1033 3182 non
1047 3116 1129 3207 quia
1140 3115 1275 3208 recepit
1288 3112 1371 3205 quod

334 3353 813 3427 uEJ'urare.Ejurst,quijurataliquid
864 3350 1369 3424 quatuortutproinde.Nectarnenquid·
1427 3353 1428 3420 l

298 3428 411 3488 sibinon
425 3453 484 3485 esse.
498 3433 813 3506 ltabonamcopiameju·
862 3450 941 3503 quam
965 3433 1115 3484 mutandum
1134 3445 1141 3481 ε
1159 3437 1225 3504 saepe'
1247 3429 1288 3482 ha
1305 3447 1369 3480 coru
1427 3421 1428 3476 l

201 3543 202 3546 =
299 3533 373 3577 rare,
395 3533 420 3566 se
443 3531 498 3564 cam
519 3531 573 3563 non
594 3511 812 3564 habererbonam
862 3508 1369 3580 confunduntur:sedpen‘ndebaesigni·
1427 3503 1428 3552 l

300 3612 369 3664 spem
378 3591 519 3664 ejurare,in
528 3593 624 3643 Seneca
633 3593 732 3644 (levita
741 3591 812 3644 Beat.
863 3591 980 3644 tinctione
992 3599 1032 3643 τοῦ
1046 3591 1152 3662 pariter,
1165 3609 1238 3660 aeque
1248 3588 1353 3663 preferri
1363 3625 1368 3642 .
1427 3585 1428 3588 ¹

301 3692 322 3724 c.
332 3671 422 3738 abaco
433 3689 487 3722 earn
500 3670 549 3722 sibi
559 3690 620 3722 esse.
630 3669 700 3741 Ergo
709 3670 750 3722 hic
760 3671 815 3743 eju·
863 3670 889 3722 b.
901 3657 916 3723 l.
926 3671 1018 3723 debere
1026 3681 1132 3722 constat.

300 3767 355 3802 rare
373 3761 504 3820 parentes,
521 3767 576 3801 non
594 3767 749 3821 agnoscere,
766 3767 814 3800 nec
897 3752 922 3802 5.
935 3747 1008 3801 Eum
1025 3767 1108 3801 essem
1126 3746 1188 3799 dedi
1207 3759 1308 3800 auctore
1319 3744 1366 3796 rod.

301 3851 346 3902 pro
360 3829 451 3882 talibus
465 3829 573 3895 bahem
588 3829 648 3900 gall.
661 3833 749 3897 renier.
863 3827 925 3880 Nau.
941 3839 965 3880 et
980 3825 1101 3879 suadente
1113 3825 1189 3878 Grut.
1201 3863 1208 3890 ,
1222 3845 1302 3896 quum
1316 3823 1367 3876 alias
1427 3827 1428 3834 ’

335 3907 437 3978 mQua·
450 3909 814 3972 dederant,vitameducatio·
862 3908 909 3972 sit,
927 3927 986 3960 eum
1003 3910 1063 3958 sim.
1427 3961 1428 3982 ,

301 3987 662 4060 nemaliaquebeneficia,quae
668 3989 812 4061 Xenophon
898 3985 923 4038 b.
933 3986 1021 4052 Tenet,
1031 3984 1171 4058 obligatum
1180 3983 1366 4052 obstrictumque
1427 3991 1428 4012 ¹

301 4065 815 4140 Memorab.Socrat.ll‚a,3sq.egrcgie
864 4065 948 4118 babet.
1427 4049 1428 4128 l

301 4144 422 4216 expotull·
898 4169 922 4213 7.
939 4148 1068 4220 Quamvis
1075 4150 1180 4202 tabellis
1189 4148 1263 4202 ltrndi
1271 4143 1350 4199 elocati
1361 4162 1365 4194 ;

334 4226 357 4276 3.
372 4226 501 4295 Impietas
518 4239 648 4298 pareutum
660 4224 688 4276 in
700 4223 802 4278 liberos.
865 4239 1021 4291 contractus,
1036 4227 1148 4280 dicamus
1160 4263 1167 4289 ,
1180 4237 1298 4278 manente
1309 4224 1339 4274 vi.
1427 4207 1428 4262 l

335 4306 358 4368 4.
378 4306 413 4356 [lt
431 4307 546 4373 prr-iude.
566 4306 724 4359 Membrana}
741 4306 813 4357 Grut.
897 4307 920 4361 8.
933 4306 1051 4360 'Arbmta
1061 4343 1068 4372 ,
1083 4319 1111 4359 ut
1124 4306 1222 4359 ulrnum
1239 4305 1366 4358 fraxinum·
1427 4315 1428 4322 ’
