2876 4940
300 464 367 558 ⁵94
640 459 708 528 uu
731 457 1039 529 susurres-15

257 643 270 671 2
298 594 444 686 injuria,
458 609 560 684 quum
574 591 720 658 nescisse
728 639 739 674 ,
754 588 837 681 quid
853 591 993 658 luceret·
1006 588 1020 660 ?
1034 590 1158 658 liudem
1172 614 1228 658 res
1241 588 1363 661 efficis

298 733 348 792 ne,
364 709 422 776 hio
451 705 656 776 beneficium
675 705 828 792 dederit,
849 731 893 776 ne
917 707 975 776 ille
989 705 1152 800 iujuriam
1172 707 1320 790 luserim
1340 723 1368 774 el

296 833 442 910 amicum
463 845 496 897 et
512 830 686 899 iuimioum
711 829 869 898 voluntas
887 830 981 898 lucit.
1002 828 1116 921 Quum
1132 829 1258 898 multos
1280 829 1366 896 mili-

296 950 350 1018 tiae
364 947 528 1018 morbus²
544 947 671 1039 eripuit
683 948 698 1014 i
709 946 892 1038 quosdam,
909 971 953 1014 ne
966 947 1153 1016 adruinum
1164 945 1291 1016 domus
1309 971 1367 1014 suu

296 1079 535 1146 occurrerent,
553 1063 713 1132 iuimicus
735 1060 931 1131 vadimonio
956 1056 1106 1132 senuit³:
1129 1087 1174 1131 ue
1188 1064 1227 1130 iu
1240 1065 1366 1156 pirata·
1418 1073 1419 1084 ¹

296 1205 370 1248 rum
399 1205 517 1250 manus
541 1180 786 1272 pervenirent,
817 1177 956 1270 quidum
986 1179 1165 1270 naufragio
1195 1181 1367 1247 consecuti

295 1313 386 1365 sunt.
404 1300 474 1366 Nec
487 1297 542 1364 his
555 1311 668 1368 tumen
681 1295 887 1362 beneficium
899 1292 1062 1364 dehemus
1077 1321 1084 1360 :
1100 1296 1266 1386 quonium
1282 1311 1368 1362 extri

296 1437 432 1482 sensum
448 1413 553 1482 officii
568 1437 664 1482 ussus
681 1427 731 1480 est
749 1439 757 1478 ι
778 1435 843 1480 uus
855 1413 996 1480 iuimioo
1008 1414 1105 1505 uujus
1120 1437 1183 1481 uus
1199 1413 1246 1480 lis
1258 1437 1369 1480 sersu-

255 1571 271 1623 3
297 1534 364 1614 vil,
383 1531 464 1600 dum
476 1546 574 1600 vexat
586 1555 626 1600 uc
640 1529 782 1600 detinet.
800 1532 876 1597 Nun
889 1530 1179 1614 estbeuelicium,
1199 1532 1267 1599 nisi
1283 1533 1369 1623 quud
1420 1561 1421 1578 ¹

297 1651 425 1719 ahons
440 1649 613 1717 voluntale
632 1647 876 1740 proficiscitur,
904 1648 970 1716 uisi
997 1647 1083 1715 illud
1108 1649 1289 1740 agnoscit,
1316 1651 1369 1740 qui

299 1765 405 1838 dudit.
423 1765 556 1836 Profuit
569 1764 694 1855 uliquis
707 1763 806 1845 mihi,
828 1763 910 1832 dum
925 1765 1052 1849 uescit3
1069 1763 1157 1832 nihil
1171 1765 1226 1832 illi
1242 1765 1368 1832 debeo:
1421 1781 1422 1788 ¹

298 1883 430 1976 profuit
446 1905 552 1972 quum
570 1880 673 1950 vellet
690 1901 839 1962 noceres
863 1879 1023 1954 imitabor
1042 1881 1166 1972 ipsum.
1422 1931 1423 2001 p

350 2001 398 2066 Χ.
420 1996 474 2066 Ad
493 1998 640 2089 primum
658 1995 753 2063 illum
774 1989 1018 2064 revertamurl.
1047 1999 1092 2064 Ut
1117 1998 1264 2088 glutiam
1284 1996 1370 2062 reie-
1422 2005 1423 2031 ¹

302 2139 398 2198 ram,
415 2111 547 2205 aliquid
562 2111 672 2179 lucere
690 2096 743 2179 ine
759 2113 811 2178 vis
824 2141 833 2196 3
853 2115 976 2204 ipseut
990 2111 1197 2180 beneficium
1216 2112 1303 2179 mihi
1318 2109 1372 2178 du-

303 2247 371 2314 ret,
393 2229 482 2298 nihil
498 2229 590 2296 fucit.
607 2231 652 2296 Ut
666 2227 711 2295 ud
727 2229 872 2297 alterum
889 2245 1117 2312 transeamus,
1139 2230 1192 2296 vis
1214 2252 1269 2296 me
1296 2229 1371 2296 huic
1423 2202 1424 2280 l

304 2345 449 2439 gratiam
469 2345 619 2430 referre,
639 2355 678 2411 ut
695 2341 787 2436 quod
805 2369 824 2415 a
844 2343 981 2412 nolente
999 2341 1137 2439 accepi,
1157 2345 1279 2413 rolens
1297 2341 1373 2411 rud-

305 2465 397 2532 dum.
411 2466 496 2530 Num
515 2463 598 2553 quid
617 2461 660 2529 de
676 2465 777 2530 tertio
793 2463 926 2554 loquar,
944 2463 1002 2554 qui
1017 2463 1061 2530 ab
1075 2463 1204 2554 injuris
1219 2463 1257 2529 in
1271 2463 1372 2530 beuu-
1424 2474 1425 2556 l

304 2579 420 2647 licium
441 2577 598 2672 delapsus
613 2592 664 2660 est
676 2579 691 2645 Ρ
703 2581 749 2646 Ut
762 2573 967 2646 beneficium
985 2579 1049 2646 tibi
1067 2577 1234 2665 debeam,
1257 2603 1370 2672 parum
1424 2581 1425 2586 ’

305 2715 356 2766 est
369 2690 534 2766 voluisse⁵
551 2713 585 2764 le
598 2695 680 2764 dure
698 2722 706 2762 ι
729 2712 767 2764 ut
782 2721 850 2764 uon
869 2696 1028 2777 debeam,
1048 2699 1129 2766 satis
1147 2713 1198 2764 est
1213 2696 1370 2764 uoluisse.

186 2797 190 2804 ¹
267 2859 281 2889 2
306 2813 516 2882 Beuelicium
529 2813 619 2880 enim
633 2813 788 2880 voluutas
801 2813 893 2882 nuda
907 2811 1089 2881 uonefficit
1108 2841 1115 2879 :
1134 2811 1195 2881 sed
1213 2813 1306 2906 quod
1320 2813 1373 2880 be·

345 3081 366 3114 ι.
389 3054 480 3130 Quam
496 3061 623 3123 nescisse,
644 3059 712 3127 quid
715 3056 819 3126 saecul.
869 3056 1047 3109 contulerunt:
1061 3055 1133 3109 alleri
1150 3057 1195 3127 qui
1208 3057 1324 3112 nolsulss
1335 3059 1374 3128 ju-

310 3137 407 3192 Laudat
418 3138 460 3190 liic
470 3135 563 3190 similia
573 3135 672 3206 Lipsius
684 3134 821 3186 sPssudo-
869 3149 962 3188 verunt
975 3155 981 3188 :
996 3136 1062 3189 tertii
1073 3177 1081 3203 ,
1094 3135 1198 3189 illorum
1215 3139 1326 3190 maxims
1341 3137 1376 3188 si-

311 3217 468 3289 Phemius,
484 3237 549 3270 vers.
564 3217 595 3283 45
606 3237 642 3288 sq.
657 3228 680 3268 sl
697 3237 709 3268 s
724 3213 797 3267 livio
813 3231 820 3266 ε
871 3215 960 3279 miles,
973 3216 1004 3268 ab
1021 3211 1115 3284 iniuria
1130 3214 1158 3266 iu
1171 3211 1297 3270 baselicis
1310 3217 1377 3270 iustii

314 3321 327 3345 κ
342 3309 452 3349 mentem
466 3316 582 3371 peccare,
600 3290 652 3346 uun
669 3311 776 3368 corpus,
798 3305 827 3364 εἰ,
873 3293 966 3368 delapsi
978 3307 1044 3346 sunl.

312 3375 380 3429 undu
409 3373 543 3427 consilium
568 3372 694 3436 ablueril,
723 3371 823 3446 culpam
906 3371 929 3435 l.
943 3375 1205 3446 Adprimumr'llum
1222 3385 1380 3428 revertamus.

313 3453 406 3508 abesse.
419 3475 433 3498 ν
875 3451 988 3502 lllurulus
1002 3471 1029 3502 ss
1042 3469 1093 3502 uno
1107 3449 1164 3502 cod.
1185 3449 1304 3504 Pincisui
1320 3451 1381 3504 lmus

346 3553 370 3584 u.
384 3532 501 3584 Morbus·
518 3527 624 3582 lllurlrus
640 3529 770 3590 sonticus,
784 3527 826 3597 qui
875 3527 1020 3599 scripturam
1041 3527 1244 3580 commendantis
1258 3531 1360 3604 sumpsit
1376 3547 1381 3578 :

314 3620 414 3661 excusat
430 3627 463 3659 ns
479 3605 511 3660 ud
525 3625 619 3658 nomen
636 3603 704 3658 silari
716 3623 826 3678 respon·
876 3602 962 3676 vulgg.
973 3616 996 3654 et
1004 3623 1091 3656 omnes
1103 3605 1186 3658 ceteri
1196 3605 1271 3658 codd.
1280 3607 1380 3659 msula-

316 3685 400 3738 deant.
877 3681 937 3733 luent
950 3681 998 3732 Ad
1009 3685 1125 3748 primum
1145 3686 1223 3736 illud.
1235 3685 1297 3738 Tris
1318 3686 1378 3738 euim

349 3763 372 3816 3.
393 3763 531 3834 Quosdam
534 3799 589 3815 .......
603 3765 701 3826 lenuit,
723 3757 827 3830 quidam
877 3757 1012 3809 homiuum
1023 3773 1285 3832 genersrspstuntur‚
1296 3763 1378 3834 quibus

316 3856 417 3916 propter
428 3837 586 3912 praeseutium
598 3857 671 3890 suam
681 3855 766 3888 coram
781 3834 827 3906 ju·
878 3833 943 3889 nibil
959 3836 1079 3904 debetur,
1093 3839 1138 3889 elsi
1152 3838 1307 3894 benefitium
1319 3863 1377 3897 ssu-

317 3919 372 3973 ‹lice
384 3918 454 3973 domi
471 3937 524 3971 esse
538 3937 590 3968 non
602 3926 718 3988 poteraut
729 3951 735 3977 ‚
748 3931 827 3984 quum
877 3911 966 3967 ierant.

316 4007 444 4050 surrusrsl
455 4015 529 4058 casu,
540 4009 583 4046 aur
595 3991 726 4045 incendio.
911 3994 933 4045 5.
947 3989 976 4042 V
974 3993 1077 4045 aluisse.
1092 3991 1141 4048 ns
1159 3995 1228 4048 enim
1247 3997 1317 4069 sequi
1336 3997 1377 4048 dr·

351 4077 382 4128 X.
404 4079 474 4130 Asu.
497 4074 557 4128 Tris
579 4070 713 4124 hominum
736 4087 828 4142 genera
877 4071 1376 4129 beulzalsuntraesliuulleromsmlsrs:

317 4165 395 4217 suun
412 4151 503 4222 quibus
520 4171 573 4203 non
601 4148 760 4220 obligamur,
784 4148 828 4200 elsi
878 4147 976 4200 slismsr
1001 4169 1040 4201 res
1060 4151 1145 4216 arlssl,
1168 4172 1249 4222 quum
1271 4152 1378 4204 voluntis

317 4230 494 4283 benefecerim
515 4229 595 4282 Primi
618 4227 663 4298 qui
685 4227 781 4280 nihils
802 4247 827 4278 ss
878 4225 962 4292 abssl,
978 4225 1142 4281 nihildebso.
