2952 4938
279 421 347 504 664
384 480 387 486 .
609 421 677 490 on
702 421 1009 492 oneramus

279 551 458 646 graphas-¹,
483 567 517 618 et
542 553 732 635 cautiones,
755 578 861 623 vacua
877 550 1029 624 habendi
1047 552 1249 637 simulacra,
1277 569 1362 620 um-'

277 663 357 732 bras
383 663 544 757 quasdam
562 668 711 736 avaritiae
732 668 952 751 laborantis²,
976 663 1043 760 ¹per
1067 687 1152 758 quas
1175 665 1354 760 deoipiant

239 793 255 844 3
278 784 446 864 animum,
466 783 618 852 inanium
642 785 802 875 opinione
826 777 1048 875 gaudentem.¹
1062 782 1158 874 Quid
1176 783 1269 851 enim
1288 785 1354 850 ista

278 900 381 966 sunt?
398 896 482 990 qnid
499 899 626 980 smnus,
652 915 687 967 et
708 895 976 983 kalendarium,
996 915 1030 967 et
1047 921 1172 983 usura,
1195 901 1264 968 nisi
1282 900 1354 967 hn-

278 1036 385 1080 manae
402 1012 599 1106 cupiditatis
622 1031 715 1082 extra
732 1010 906 1082 noturam⁴
927 1016 1067 1107 quaesita
1082 1015 1250 1088 nomina?
1266 1017 1354 1082 Pos-

278 1151 352 1196 sum
362 1129 405 1196 de
417 1153 533 1198 rerum
541 1145 662 1198 natura
671 1133 783 1222 queri,
793 1129 885 1221 quod
894 1154 1014 1198 aurum
1022 1145 1273 1223 argentumque
1282 1152 1353 1195 non

278 1247 422 1316 interius
441 1247 677 1330 absconderit,
699 1247 790 1339 quod
805 1271 873 1315 non
894 1247 962 1316 illis
982 1248 1110 1340 majus,
1135 1271 1241 1340 quum
1259 1245 1355 1339 quod

279 1362 413 1431 detrahi
431 1380 561 1456 posset,
580 1363 714 1457 pondus
726 1364 894 1458 injecerit.
911 1362 1007 1455 Quid
1022 1380 1102 1433 sunt
1115 1365 1188 1432 istae
1204 1363 1353 1445 uoulae,

279 1478 363 1569 quid
389 1481 674 1573 computationes,
703 1495 737 1548 at
762 1479 881 1547 venale
910 1494 1043 1572 tempus
1056 1473 1082 1561 ⁵,
1111 1493 1146 1546 et
1165 1481 1357 1572 sauguino-

238 1601 255 1666 t
279 1593 378 1662 lentae
396 1591 839 1664 centesimae⁶ivoluntnria
852 1595 939 1663 malo
954 1619 995 1662 aa
1012 1595 1272 1664 constitutione⁷
1293 1617 1359 1662 no-

264 1723 348 1796 ‚stra
362 1709 566 1801 pendentia,
584 1711 759 1803 inquibus
775 1693 862 1778 nihil
881 1726 950 1791 ost,
970 1711 1063 1802 quod
1079 1709 1202 1802 subjici
1218 1708 1356 1791 oculis,

280 1825 373 1917 quod
391 1827 499 1894 teneri
519 1851 623 1896 manu
639 1829 768 1921 possit,
790 1829 901 1896 inanis
917 1829 1066 1895 avaritioe
1082 1827 1225 1894 somnia.
1244 1825 1278 1893 Ο
1292 1827 1362 1892 mi-

282 1965 395 2012 serum
405 1938 432 2029 ⁸,
447 1944 476 2012 si
491 1968 592 2036 quem
608 1943 752 2013 delectat
765 1945 816 2012 sui
830 1945 1026 2038 patrimonii
1041 1944 1129 2012 liber
1142 1967 1306 2036 magnus,
1323 1959 1360 2010 et
1455 2027 1456 2030 Ἴ

318 2176 339 2208 ι.
356 2155 529 2226 «lynproplms
543 2196 550 2224 ,
563 2157 729 2230 obligationes
744 2159 790 2212 sub
840 2157 953 2222 assibus,
967 2157 1079 2228 adeoque
1091 2157 1181 2229 quovis
1198 2177 1288 2210 mense
1301 2175 1361 2208 un-
1455 2182 1456 2192 ¹

282 2231 458 2304 chirographo.
840 2235 914 2286 ciam.
943 2235 1006 2288 lude
1025 2235 1122 2308 Lipsius
1141 2253 1272 2307 perperam
1295 2233 1334 2286 ait
1354 2253 1361 2286 ι
1455 2289 1456 2296 ¹

317 2334 340 2364 a.
354 2311 471 2364 Unrbras
480 2315 613 2382 quasdam
625 2319 745 2367 avaritia
754 2318 794 2367 lo-
841 2331 898 2382 quse
908 2311 1045 2364 centesimo
1055 2331 1141 2364 mense
1156 2313 1234 2378 (uude
1244 2315 1359 2378 nomen)
1455 2307 1456 2320 ¹

284 2390 409 2441 tommo.
433 2388 475 2444 Sic
498 2391 625 2444 Emensus.
644 2392 724 2445 Codd.
745 2413 794 2446 va·
843 2401 935 2441 sortem
947 2403 1059 2460 equann
1076 2389 1156 2443 Alii8
1174 2390 1214 2456 tsi
1226 2409 1275 2462 pro
1291 2411 1363 2442 een-

284 2465 364 2531 riant‚
372 2467 467 2519 ntnbro
478 2471 610 2537 quoedam,
622 2473 716 2524 unsbro
728 2492 796 2540 qua-
844 2466 909 2519 tenis
920 2468 1011 2537 quovis
1025 2486 1126 2530 mense,
1139 2465 1248 2537 ideoque
1262 2466 1364 2518 duode-

284 2545 358 2596 dum.
387 2543 503 2598 Fortasse
533 2545 573 2599 hes
602 2567 675 2600 voees
702 2547 795 2602 srholii
843 2542 1361 2617 eimmensibuspraeterlapsiseentesimas

285 2621 371 2675 locum
383 2621 507 2676 obtinent.
518 2623 619 2676 Gruteri
632 2625 705 2678 eodd.
716 2624 795 2678 dein·
844 2621 936 2674 solutas
959 2641 1032 2683 esse;
1058 2640 1119 2693 quas
1149 2622 1366 2693 nngrrinolentas

286 2719 342 2772 eeps
352 2720 406 2752 non
414 2719 464 2769 per
473 2720 556 2770 quas,
569 2703 614 2754 sed
622 2703 674 2771 μέν
684 2721 743 2771 qua
753 2701 796 2754 ha·
844 2700 900 2770 jure
914 2699 1052 2770 meritoque
1064 2699 1121 2770 quis
1134 2698 1262 2772 appellare
1272 2699 1368 2771 possit.

285 2778 354 2830 beot.
847 2778 887 2830 (ii¹
900 2778 995 2832 Stroth.
1015 2778 1048 2832 ad
1067 2777 1123 2832 Liv.
1142 2779 1211 2842 Vll,
1234 2777 1267 2830 rh
1282 2798 1369 2848 quern

319 2853 619 2918 &Katmmriomstiher
628 2855 796 2922 foenebris,sie
845 2855 956 2926 seqnitur
968 2857 1044 2928 llugo
1055 2855 1083 2908 in
1092 2854 1226 2908 lehrbucb
1237 2858 1285 2907 der
1299 2855 1371 2908 Ges·

287 2928 367 2983 dictus
378 2931 447 3002 quod
458 2932 571 2986 kalendis
583 2932 744 2986 solvebantur
754 2936 798 2988 lee-
845 2932 940 2986 cbisbte
954 2935 1001 2985 der
1020 2951 1093 2985 roem.
1111 2931 1205 2986 natus
1225 2932 1248 3000 ς.
1267 2936 1323 3004 95,
1343 2955 1370 3006 p.

287 3025 356 3059 nera.
850 3007 904 3060 113.
916 3009 947 3060 ed
957 3007 1003 3062 lll,
1013 3009 1128 3060 Meretur
1139 3028 1239 3079 quoque
1256 3028 1370 3082 compa-

320 3084 446 3153 l-Eaetra
454 3098 586 3140 naturam
596 3089 799 3160 Nonenimipsa
847 3087 896 3138 rari
918 3087 1070 3140 Heineecius
1091 3087 1120 3140 in
1145 3088 1230 3158 Antiq.
1252 3091 1368 3142 eumad

288 3162 342 3218 haee
350 3163 473 3237 produxit,
483 3167 527 3218 sed
538 3166 643 3220 avaritia
655 3179 678 3218 et
686 3165 798 3220 habendi
846 3165 954 3219 lustitnt
966 3166 1004 3218 111
1016 3203 1023 3231 ,
1043 3169 1080 3219 15.

286 3241 396 3296 studium
406 3240 513 3295 invenit.
881 3265 903 3308 7.
912 3245 1098 3298 Constitutione
1110 3245 1191 3299 animi
1203 3258 1296 3300 nostra
1311 3268 1369 3322 per-

320 3323 343 3372 5.
356 3319 456 3372 renate
463 3319 580 3388 tempus,
592 3321 651 3392 qnia
662 3343 736 3376 usura
748 3322 798 3375 sol·
847 3341 926 3384 versa,
939 3343 987 3394 qua
999 3323 1150 3377 detrivimus
1158 3346 1173 3377 a
1181 3327 1370 3394 natura:quod

287 3393 392 3447 rebatur
404 3414 449 3469 pro
460 3407 586 3469 tempore,
601 3417 652 3467 quo
663 3399 719 3468 quis
730 3411 796 3451 sorte
846 3400 957 3471 queritur
967 3420 1032 3473 saepe
1043 3441 1050 3468 ,
1066 3421 1087 3455 e.
1098 3424 1120 3455 c.
1131 3401 1178 3473 Ep.
1192 3417 1276 3456 cxnt.
1288 3403 1370 3456 Nul-

287 3473 372 3526 utitur.
847 3477 898 3529 lam
911 3489 995 3530 autem
1006 3477 1046 3532 hae
1060 3498 1098 3534 res
1117 3479 1247 3531 materiam
1257 3479 1368 3547 babent,

320 3551 345 3603 6.
355 3551 565 3622 Snugmirolentoe
575 3556 726 3606 centesimae.
738 3553 797 3603 lllo·
847 3573 925 3624 quum
936 3555 986 3606 sint
998 3575 1141 3631 papyraeete
1155 3569 1179 3609 et
1194 3556 1370 3630 imaginariae.

287 3630 432 3684 lestissimas
448 3641 473 3681 et
483 3629 642 3703 gravissimas
654 3630 729 3682 luisse
740 3630 793 3680 lto·
879 3633 903 3682 8.
918 3630 1095 3698 Omisenun,
1109 3648 1154 3688 etc.
1164 3635 1224 3686 Jam
1232 3636 1370 3704 republica

227 3771 231 3780 ι
287 3727 434 3762 mensures
450 3719 539 3759 notum
556 3719 605 3770 est,
621 3705 661 3759 vel
678 3707 795 3773 sisinio,
847 3705 943 3772 libera,
964 3707 1067 3762 Catonis
1086 3711 1150 3764 adeo
1168 3711 1273 3782 majoris
1297 3725 1370 3765 tem-

269 3843 273 3852 f
287 3786 394 3838 Horatio
404 3785 555 3849 Serm.l‚a,
569 3787 598 3850 ιζ,
609 3783 722 3854 aliisque.
733 3783 798 3836 Cen·
849 3804 919 3854 pore,
930 3784 984 3840 hzec
995 3787 1063 3840 mala
1073 3826 1080 3853 ‚
1090 3807 1146 3858 qua
1161 3787 1310 3843 Demetrius
1325 3791 1369 3844 bie

288 3863 518 3937 tesimeesepartes
528 3861 610 3914 sortis.
623 3863 679 3914 Huc
694 3859 798 3915 trahunt
845 3865 1031 3934 conqueritur,
1055 3865 1189 3940 viguisse,
1211 3867 1371 3922 Plutarchus

288 3940 357 3992 Plio.
370 3941 417 4012 Ep.
433 3955 464 4005 x,
483 3937 532 4007 62,
550 3939 593 4010 qni
608 3939 657 4002 ait,
675 3938 796 3990 duodenis
845 3961 866 3993 e.
880 3963 901 3994 c.
913 3943 950 3994 lv
962 3965 986 4016 p.
998 3943 1063 4010 62³,
1077 3943 1218 3999 Columella
1231 3947 1258 4011 l,
1276 3946 1292 3997 8
1309 3946 1370 3998 alii·
1455 3997 1456 4026 p

289 4017 384 4070 essibus
402 4016 492 4070 debere
508 4015 548 4067 vel
562 4015 669 4068 mutuari
682 4015 795 4068 solemne
845 4039 893 4090 que
915 4021 1011 4073 all'atim
1033 4022 1133 4075 docent.
1155 4022 1256 4090 Quibus
1277 4037 1370 4075 ortnen
1455 4043 1456 4048 ¹

290 4113 341 4146 esse
354 4115 383 4146 eo
401 4107 532 4168 tempore:
549 4113 629 4166 quos,
651 4093 795 4167 explicant,
846 4099 936 4150 dedere
945 4098 1155 4163 luxuria‚divitiae
1163 4099 1369 4171 inaequalissime
1455 4131 1456 4140 κ

290 4169 382 4224 solutos
399 4191 451 4225 esse
465 4173 600 4244 quotannis
620 4191 664 4240 pro
684 4172 795 4224 centenis
845 4174 931 4230 divisse
941 4188 964 4227 et
977 4176 1084 4230 maxime
1096 4177 1308 4249 latifundiazquis
1319 4199 1371 4234 ne-
