2978 4942
284 425 350 492 520
523 507 526 514 ,
615 426 684 496 oa
706 427 1014 500 renarrans

282 556 474 640 transtulit,
497 558 621 628 lectulo
633 583 695 630 suo
712 563 831 644 cessit,
852 563 1032 632 allectum¹
1054 564 1351 657 semianimemque

282 677 450 744 recreavit
465 725 476 760 ,
493 671 615 746 diebus
634 679 776 772 triginta
795 679 949 773 impensa
964 703 1023 750 sua
1037 681 1187 763 curavit,
1209 680 1348 761 refecit,

240 827 255 858 2
281 797 404 866 viatico
420 799 617 882 instruxit²,
635 799 780 870 subinde
797 800 966 870 dicentem
984 805 1160 872 :Gratiam
1184 803 1248 871 tihi
1262 803 1351 872 rele-

282 943 376 989 ram:
392 921 655 996 siderearum
669 923 754 992 mihi
767 924 1005 1018 imperatorem
1022 949 1135 994 meum
1152 923 1347 1022 contingat!

280 1038 441 1110 Narravit
454 1038 614 1133 Philippo
626 1039 843 1134 naufragium
860 1065 981 1124 snum,
998 1040 1161 1110 auxilinm
1175 1045 1303 1125 tacuit,
1318 1059 1353 1110 et

280 1153 439 1246 protinus
463 1154 582 1247 petiit,
613 1169 653 1222 ut
678 1154 745 1223 sibi
770 1153 900 1248 praedia
916 1154 1090 1248 cujusdam
1113 1153 1269 1224 donaret.
1292 1156 1352 1224 Ille
1470 1221 1471 1232 ,

282 1268 422 1361 quidam
440 1283 513 1340 erat
527 1269 650 1363 hospes
672 1271 764 1363 ejus,
787 1271 816 1338 is
842 1271 937 1362 ipse,
958 1291 979 1337 a
997 1295 1065 1363 quo
1082 1289 1240 1365 receptus
1257 1289 1350 1356 erat,

282 1409 385 1477 aquo
405 1400 550 1455 sanatus.
570 1385 680 1454 Multa
696 1386 834 1454 interim
848 1409 964 1478 reges,
983 1387 1020 1453 in
1034 1384 1126 1454 hello
1138 1389 1349 1480 prasertim,

282 1503 410 1596 opertis
436 1491 562 1582 oculis³
582 1500 731 1587 donant,
752 1523 822 1570 non
845 1501 973 1570 sufficit
990 1500 1092 1570 homo
1106 1495 1244 1594 justus⁴
1267 1529 1353 1573 unus
1470 1529 1471 1544 ¹

282 1633 334 1687 tot
352 1619 490 1690 armatis
512 1617 778 1712 cupiditatibus,
808 1641 878 1686 non
904 1631 1016 1711 potest
1037 1619 1217 1712 quisquam
1235 1617 1354 1688 eodem
1470 1655 1471 1660 ¹

243 1743 259 1796 3
284 1747 435 1828 tempore
452 1751 487 1803 et
503 1735 630 1804 bonum
645 1737 780 1818 virum,
797 1750 832 1805 et
845 1733 972 1803 bonum
988 1734 1108 1804 ducem
1126 1757 1243 1828 agere.
1262 1735 1356 1827 Quo·

283 1848 383 1918 modo
401 1864 450 1918 tot
468 1850 574 1918 millia
596 1851 771 1920 hominum
793 1850 999 1919 insatiabilia
1015 1850 1258 1920 satiabuntur?
1273 1848 1357 1942 quid

282 1965 480 2049 habebunt,
496 1969 524 2036 si
537 1991 634 2036 suum
649 1967 794 2059 quisque
809 1965 995 2040 habuerit?
1012 1966 1079 2035 hoo
1093 1967 1277 2062 Philippus
1291 1966 1357 2036 sihi

283 2078 389 2166 dixit,
416 2105 522 2174 quum
551 2082 646 2152 illum
670 2083 786 2156 induci
814 2085 850 2152 in
874 2084 963 2158 hona
985 2108 1062 2176 quae
1085 2082 1223 2177 petebat
1237 2081 1355 2174 jussit.

283 2197 450 2291 Expulsus
463 2198 561 2268 honis
578 2201 649 2269 suis
666 2199 741 2280 ille,
763 2223 831 2267 nou
847 2217 886 2268 ut
900 2202 1046 2269 rusticus
1059 2201 1221 2293 injuriam
1236 2203 1359 2268 tacitus

285 2313 385 2396 tulit,
399 2330 578 2388 contentus
593 2315 687 2408 quod
697 2339 765 2385 non
777 2317 895 2410 etipse
907 2315 1052 2384 donatus
1070 2333 1158 2384 esset
1175 2344 1186 2400 3
1201 2316 1264 2385 sed
1276 2317 1361 2386 Phi-

285 2427 381 2524 lippo
398 2432 574 2525 epistolam
596 2426 768 2502 striotsm⁵
788 2456 829 2502 ao
848 2432 992 2501 liberam
1019 2433 1154 2526 scripsit
1177 2458 1185 2500 :
1212 2457 1283 2524 qua
1299 2457 1360 2504 ac-

286 2563 386 2642 cepta
412 2551 459 2617 ita
486 2550 629 2633 exarsit,
655 2565 694 2618 ut
722 2551 833 2618 statim
852 2551 1027 2619 Pausaniae
1048 2547 1248 2632 mandaret,
1270 2549 1360 2618 bona

286 2667 396 2760 priori
411 2665 549 2736 domino
565 2669 759 2750 restitueret
777 2693 784 2748 ;
800 2683 959 2740 caetetum
973 2663 1224 2762 improbissimo
1236 2668 1359 2752 militi,

288 2913 363 2967 eodd.
384 2915 508 2986 quosdam
530 2925 555 2966 et
575 2914 634 2967 edd.
657 2915 797 2978 invaserat,
881 2915 905 2978 4,
920 2913 1011 2967 Homo
1023 2918 1119 2983 justus.
1142 2915 1184 2968 Sc.
1205 2915 1254 2968 hac
1275 2915 1303 2968 in
1326 2935 1363 2968 re.

290 2992 436 3046 Gronovius
457 2991 569 3066 plurium
581 2993 670 3060 codd,
684 2993 800 3064 inprimis
848 2991 915 3042 Nam
934 2991 995 3044 alies
1015 2989 1068 3061 ejus
1087 2991 1182 3062 justitia
1202 2993 1270 3044 male
1291 2992 1365 3044 audit

290 3070 347 3122 eod.
354 3069 426 3138 Nan,
435 3071 580 3124 auctoritate
590 3083 656 3130 reete
664 3069 766 3138 delevit,
775 3081 800 3121 et
849 3070 915 3140 apud
924 3069 1123 3122 Demosthenem
1131 3082 1155 3122 et
1162 3069 1363 3143 Theopompum

288 3151 336 3216 qui
341 3147 412 3200 esuis
418 3167 476 3202 mss.
488 3150 611 3223 proqund
619 3148 700 3223 posuit
708 3163 715 3200 :
723 3164 800 3218 quem
849 3146 965 3200 Athenai
976 3147 1023 3212 Ν,
1034 3169 1059 3222 p.
1073 3147 1212 3217 11161167.
1223 3147 1313 3202 Cicero
1322 3161 1365 3200 ta-

288 3227 428 3297 seqnimur.
849 3244 909 3280 mett
926 3225 1011 3281 laudat
1025 3245 1082 3278 eum
1099 3239 1200 3299 propter
1214 3227 1364 3279 facilitatem

326 3325 347 3357 1.
361 3306 500 3378 Assertnni.
519 3303 683 3364 Benerhabet
697 3322 704 3357 :
719 3303 799 3356 scho-
849 3315 872 3358 et
883 3302 1064 3358 humanitatem
1077 3304 1108 3356 de
1118 3305 1172 3357 ΟΠ.
1186 3306 1213 3367 l,
1229 3305 1268 3358 ah.
1285 3305 1363 3358 Cous.

290 3383 353 3436 lium
365 3397 416 3448 est,
431 3385 500 3458 quod
514 3385 591 3458 lipsii
604 3383 679 3438 codd.
692 3395 801 3456 proesta-
847 3379 946 3431 AEtian.
956 3381 990 3433 V.
1004 3380 1039 3432 Η.
1050 3381 1129 3445 vltl,
1147 3383 1184 3434 15.
1193 3382 1290 3435 Justin.
1304 3383 1362 3448 IX,

290 3462 368 3527 beat,
381 3463 510 3536 afflictum
521 3467 730 3530 semivirumque.
848 3461 871 3526 4.
883 3458 958 3514 Unde
968 3461 1063 3512 &neca
1074 3459 1139 3512 hene
1149 3459 1310 3514 historiolam
1319 3463 1366 3515 de-

325 3563 347 3593 2.
358 3543 462 3608 Viqtr‘so
477 3546 614 3612 instruxit.
624 3541 751 3593 Viatieum
761 3537 802 3592 de·
848 3537 994 3609 sumpserit,
1007 3539 1089 3591 dicero
1104 3529 1157 3591 noh
1173 3540 1257 3593 habeo
1270 3559 1277 3593 τ
1288 3541 1365 3594 eriti-

292 3618 473 3676 dit.Viaticnm
483 3640 543 3674 vero
554 3633 590 3673 est
603 3618 709 3692 pecunia
720 3630 744 3671 et
754 3617 802 3688 in·
850 3637 907 3676 eum
922 3629 1006 3670 entem
1020 3636 1073 3668 non
1085 3619 1165 3690 egisse
1180 3618 1207 3670 in
1219 3618 1365 3693 deligendis

292 3694 802 3770 terdumcibariaadviamsuseipiendam.
851 3695 969 3766 exemplis
979 3695 1121 3760 historicis,
1136 3709 1225 3748 notum
1242 3710 1293 3763 est,
1307 3718 1329 3750 e.
1342 3719 1367 3751 e.

294 3777 324 3829 C.
333 3775 419 3830 Caeeil.
430 3776 529 3829 Plinius
540 3777 573 3843 de
585 3773 704 3827 Martiale
713 3773 803 3846 Hispa·
851 3794 880 3840 ex
907 3772 1003 3846 judicio
1030 3773 1062 3825 de
1089 3772 1235 3826 Alexandro
1255 3774 1366 3848 Magno.

292 3851 724 3928 niamproficiscente:«Proseeutus
734 3869 803 3904 eram
853 3851 892 3902 Gi.
907 3850 963 3903 adl
977 3850 1010 3903 de
1020 3849 1115 3905 Benef.
1128 3849 1174 3915 13,
1189 3871 1210 3903 t.
1223 3851 1262 3918 ll,
1280 3853 1328 3920 16,
1345 3873 1366 3905 1.

292 3933 385 3985 viatico
410 3932 591 3994 secedentem
612 3931 730 3983 dederam
754 3930 805 3990 hoo
852 3929 900 4001 Ep.
913 3941 973 3993 xct,
991 3947 1029 3998 17.

293 4009 411 4081 amicitiae
423 4047 430 4074 ‚
445 4009 578 4080 dederam,
588 4021 634 4063 ete.
645 4029 659 4055 r
885 4009 910 4058 5.
919 4005 1053 4062 Strictum.
1068 4007 1103 4062 H.
1117 4028 1140 4060 e.
1157 4008 1273 4062 vividam
1289 4022 1367 4082 atque

325 4085 350 4138 3.
364 4087 468 4156 Opertis
478 4091 568 4144 usulis.
580 4087 672 4157 Gallie.
682 4090 720 4153 les
725 4106 803 4159 yepx
851 4086 1037 4139 vehementem.
1047 4087 1196 4161 llletaphora
1205 4087 1281 4142 dueta
1291 4109 1306 4143 a
1315 4089 1368 4161 glo:

293 4165 401 4230 handel,
854 4165 953 4237 dloqui
965 4186 978 4218 e
988 4166 1082 4236 vegius
1092 4164 1190 4232 strietus
1202 4167 1259 4219 luit.
1272 4222 1276 4228 ¹
