2966 4948
413 605 813 687 ιιιιιιιιιιιιιιι.Ι

531 915 665 934 ..ι-ι...-

95 1200 152 1254 ΧΧ.
165 1199 264 1253 Omnia
286 1213 309 1254 et
328 1199 454 1266 maxima,
473 1199 536 1272 quin
554 1201 630 1254 etism
649 1201 760 1254 mundus
774 1199 816 1252 bic
828 1211 852 1252 et
865 1219 894 1254 ea
906 1217 962 1271 qne
979 1201 1006 1252 in
1019 1221 1049 1254 eo
1061 1218 1134 1270 sunt,

65 1287 198 1340 interitura
210 1299 268 1339 sunt
277 1303 284 1335 ε
293 1285 538 1359 proindeinteritum
549 1284 708 1358 singularum
718 1285 861 1338 animarum
876 1285 930 1338 noli
943 1269 1136 1356 queri-m,

68 1373 151 1426 xxlt.
170 1371 323 1444 Arrogantis
338 1371 408 1422 enim
420 1384 483 1424 esset
496 1389 615 1440 poscere,
632 1383 661 1422 ut
677 1370 722 1423 tibi
734 1371 779 1424 uni
792 1383 923 1443 parcatur:
936 1391 1012 1442 quare
1024 1374 1138 1445 patiaris,

66 1478 120 1530 qut
130 1455 252 1510 omnibus
262 1457 336 1509 uobis
346 1457 491 1509 eommunia
500 1469 565 1509 sunt.
576 1457 632 1508 Nec
643 1456 717 1508 dolor
728 1456 866 1528 quidquam
877 1457 1139 1529 proderit.-XX1ll.

67 1543 122 1594 lam
140 1541 278 1616 ingeniosa
296 1539 448 1595 allocutione
463 1541 496 1594 ad
520 1541 649 1592 fortunam
670 1539 832 1610 conqueritur
846 1540 1013 1594 calamitatem
1031 1542 1139 1616 Polybio

68 1629 171 1688 factam,
187 1626 288 1699 egregie
300 1625 333 1677 ad
346 1623 433 1678 laudes
447 1625 499 1698 ejus
508 1625 640 1697 fratrisque
654 1624 904 1680 instituta-XXIV·
916 1624 966 1678 Sed
977 1627 1144 1696 quandoqui-

69 1711 124 1763 dem
140 1711 184 1763 his
202 1709 400 1764 accusationibus
412 1711 519 1764 fortunae
532 1708 597 1762 nibil
608 1705 771 1784 proficimus,
783 1708 926 1761 omittamus
937 1728 944 1763 ι
954 1729 1014 1763 uam
1024 1730 1071 1764 neo
1087 1713 1143 1765 fra-

70 1809 119 1862 ιιι,
132 1817 182 1848 nee
196 1795 262 1847 ullus
273 1795 352 1848 homo
363 1794 480 1868 lacrymis
491 1793 636 1848 delectatur.
650 1821 683 1833 -
693 1792 775 1846 XXV.
794 1791 877 1860 Quid,
889 1795 957 1863 quod
968 1793 1085 1848 fratribus
1096 1796 1143 1848 tuis

70 1882 184 1955 exemplo
198 1901 249 1934 esse
262 1881 363 1934 deceat:
378 1879 516 1934 abscondas
532 1880 616 1949 itaque
628 1878 771 1931 luctum·-
779 1878 874 1930 xxvl.
885 1879 1003 1942 Accedit,
1015 1881 1084 1951 quod
1096 1880 1145 1933 hoc

71 1963 174 2016 inferius
201 1976 264 2015 esset
277 1961 423 2034 dignitate,
447 1957 630 2014 existimatione
650 1957 749 2033 publica
767 1957 798 2010 de
819 1972 861 2024 te,
880 1973 954 2032 atque
973 1961 1036 2014 odeo
1060 1960 1146 2015 officio
1234 2001 1236 2006 -

74 2048 99 2099 in
114 2048 242 2102 &sarem
254 2046 391 2100 Claudium
404 2045 487 2118 (cujus
498 2045 602 2111 laudes,
616 2044 663 2097 hac
676 2044 809 2097 occasione
825 2043 900 2110 data,
921 2045 1077 2100 celebrantur
1086 2049 1148 2112 ).-·

72 2135 180 2186 xxvn.
193 2133 229 2185 Ut
238 2132 326 2186 melius
337 2131 535 2198 luctumviuoas,
548 2129 576 2183 in
586 2127 723 2184 solitudine
733 2149 828 2204 occupa
841 2141 865 2182 te
876 2129 975 2183 studiis.
984 2131 1147 2200 -xxvnl,
1238 2125 1239 2130 ¹

73 2219 167 2270 xxix.
186 2215 311 2271 Praeterea
327 2236 412 2288 neque
425 2228 482 2278 tuo,
500 2235 582 2286 neque
596 2214 678 2268 fratris
694 2215 798 2268 nomine
814 2215 901 2288 lugere
920 2215 1005 2282 decet,
1020 2217 1062 2270 bio
1079 2218 1149 2272 euim

75 2302 132 2354 felir
144 2315 190 2354 est.
198 2301 314 2354 -XXX
327 2301 439 2369 ,XXXL
452 2299 532 2374 Igitur
544 2299 654 2374 gaudeas
669 2301 771 2354 fratrem
783 2299 859 2354 talem
868 2300 1150 2356 habuisse-XXXII-

75 2389 195 2441 xxxvl.
214 2387 286 2440 Mors
304 2387 373 2439 enim
389 2387 421 2439 ad
438 2385 578 2439 bumsuam
592 2397 687 2440 sortem
700 2385 810 2458 pertinet
825 2385 912 2456 :quod
924 2407 953 2438 ex
972 2388 1090 2469 operibus⁴
1102 2389 1152 2442 tuis

77 2471 165 2540 disces,
177 2471 310 2538 Homero,
323 2484 398 2544 atque
411 2469 590 2544 virgilianis
602 2469 711 2544 dignum
724 2483 747 2522 te
762 2482 874 2543 praestes,
887 2483 912 2524 et
925 2469 1023 2526 Cesare
1042 2471 1153 2526 Claudio

77 2557 163 2627 (quem
175 2555 294 2608 laudibus
305 2552 628 2620 oneras).-xxxvt1.sd
639 2553 694 2628 bne
706 2554 792 2621 Cesar
803 2554 856 2627 ipse
870 2567 893 2608 te
907 2555 1091 2620 consolabitur,
1105 2558 1154 2610 in-

78 2638 234 2702 commodis,
248 2657 305 2710 quc
316 2634 481 2691 familisesuae
494 2636 651 2702 aecidemnt,
667 2635 1004 2692 enarrandis-XXXVIII.
1015 2639 1092 2692 Redit
1107 2641 1154 2694 de·

79 2720 156 2792 nique
168 2721 201 2773 ad
218 2719 299 2772 studia
312 2717 515 2772 oommendanda
521 2758 529 2782 ‚
543 2730 588 2771 etc.
599 2739 607 2784 ;
618 2737 697 2790 usque
708 2717 741 2772 ad
752 2716 798 2772 liu.

109 2804 244 2879 Polybius,
257 2804 290 2856 ad
301 2823 376 2875 quem
388 2801 443 2856 bac
454 2800 602 2855 Consolatio
613 2803 688 2855 missa
698 2815 743 2868 est,
758 2803 863 2856 libertus
875 2804 978 2858 Claudii
990 2805 1097 2860 Gnatis
1107 2807 1156 2860 fuit

80 2911 94 2942 a
106 2890 215 2957 studiis,
227 2910 242 2941 a
255 2909 306 2960 quo
316 2899 371 2962 post
384 2887 530 2941 Narcissum
543 2887 646 2942 maximi
657 2887 794 2942 aestimatus
805 2907 858 2942 esse
867 2901 983 2942 narratur
996 2891 1067 2959 (Dio
1080 2893 1156 2946 Coss.

81 2975 124 3028 lib.
132 2973 205 3036 LX,
219 2995 261 3047 aq,
269 2974 309 3026 31.
319 2971 424 3028 Sueton.
434 2973 528 3024 Clossd.
542 2972 592 3038 ιδ).
605 2971 832 3026 innocentissimus
842 2985 867 3026 et
877 2973 1060 3030 eruditissimus
1068 2976 1126 3042 fuit,
1134 2977 1156 3030 si

81 3057 202 3110 Nostrum
209 3055 306 3122 audias;
315 3055 439 3108 Suetonio
447 3067 532 3106 tarum
543 3066 568 3106 et
575 3054 663 3107 Dione
669 3054 836 3108 referentibus
844 3055 975 3129 improbus
983 3057 1069 3111 bomo.
1078 3061 1157 3112 luter·

82 3142 159 3194 fectus
172 3154 218 3208 est,
226 3139 382 3208 Maniliae,
393 3160 444 3212 qua
452 3158 511 3191 rum
520 3138 719 3191 familiarissime
729 3137 833 3204 vixerat,
840 3140 1082 3211 machinationibus,
1089 3164 1117 3196 a.
1124 3145 1157 3200 U.

84 3223 111 3276 C.
131 3225 190 3277 Boo.
205 3222 281 3290 (Dio
293 3225 369 3277 Cass.
382 3219 456 3287 Lx,
472 3219 521 3286 31,
537 3219 610 3288 s'ne't.)
638 3219 785 3273 Consolatio
805 3241 864 3274 vero
882 3221 937 3277 haec
951 3226 1088 3297 composita
1106 3240 1152 3296 est,

83 3329 162 3380 quum
187 3308 311 3381 Polybius
337 3319 418 3360 morte
445 3305 531 3359 fratris
556 3303 595 3358 sui
619 3303 722 3378 optimae
749 3304 844 3358 indolis
867 3319 892 3360 et
916 3308 969 3380 spei
993 3309 1093 3380 juvenis
1115 3313 1157 3366 vel

83 3393 191 3446 maxime
216 3392 324 3446 afflictus
342 3403 419 3456 esset,
436 3411 506 3443 anm
527 3389 560 3442 [J.
582 3391 609 3443 C.
624 3391 690 3462 794,
715 3408 795 3460 quum
809 3389 837 3442 in
851 3411 881 3444 eo
895 3406 959 3445 esset
976 3394 1111 3457 Claudius,
1129 3409 1156 3448 ut

84 3476 251 3531 Germaniam
262 3488 375 3550 pacaret,
388 3487 413 3527 et
422 3473 582 3528 Britanniam
597 3473 704 3548 aperiret
725 3475 795 3540 (vid.
808 3493 829 3527 ι.
842 3475 873 3528 3ι
883 3513 891 3540 ,
901 3493 926 3542 a,
941 3479 998 3530 coll.
1009 3477 1066 3532 Dio
1080 3479 1156 3532 Cass.

85 3561 155 3628 LX,
170 3563 196 3628 8,
211 3561 362 3635 ¹q;Sueton·
376 3561 471 3614 Claud.
483 3559 536 3626 25).
548 3558 625 3624 Nam,
634 3577 703 3611 anuo
720 3559 777 3629 794,
788 3556 916 3632 Sulpicius
928 3559 1010 3616 Galba
1018 3561 1119 3628 Cattos,
1132 3575 1157 3616 et
1182 3575 1186 3594 ⁸

86 3647 193 3700 Publius
206 3645 332 3700 Gabinius
342 3645 456 3698 Chaucos
467 3645 575 3711 vicerat,
590 3656 614 3696 et
627 3643 658 3695 de
668 3640 797 3696 Britannis
808 3643 983 3716 subjugandis,
995 3661 1096 3701 auctore
1104 3647 1156 3700 Be·

84 3729 146 3795 rico,
154 3727 238 3782 exsule
248 3727 382 3792 Britanno,
394 3727 438 3800 qui
450 3727 540 3779 Roma
552 3723 675 3778 auxilium
688 3725 810 3798 petiturus
820 3727 982 3800 confugerat,
991 3728 1156 3801 cogitabatur.

87 3813 173 3882 Quam
182 3833 236 3866 rem
250 3811 329 3864 dulus
339 3809 453 3864 Plautius
463 3829 521 3862 cum
530 3807 618 3882 legatis
632 3807 723 3861 Flavio
736 3809 891 3884 Vespasiano
907 3811 1009 3883 ejusque
1020 3813 1095 3865 fratre
1108 3813 1155 3866 Sa·

86 3899 158 3964 bino,
168 3919 240 3952 anno
249 3897 282 3950 U.
293 3900 321 3952 C.
332 3897 395 3970 795,
407 3895 511 3970 perfecit
522 3893 594 3960 (Dio
607 3896 682 3948 Coss.
691 3891 758 3960 LX,
775 3915 818 3969 sq,
829 3899 880 3963 ao).
892 3896 940 3950 llis
952 3898 1092 3951 rationibus
1102 3899 1155 3951 his-

86 3983 170 4036 toric'u
184 3981 318 4054 diligenter
330 3979 479 4056 comparatis
496 3999 553 4031 cum
564 3997 620 4048 cop.
639 3978 684 4048 37,
704 3999 731 4049 7,
748 3979 822 4032 facile
840 3979 925 4033 estad
944 3980 1153 4054 intelligendum,

87 4065 212 4132 Serum
224 4077 352 4120 cauctorem
361 4065 439 4130 bajus
458 4064 648 4116 Consolationis
657 4079 713 4116 esse
726 4081 881 4134 nonlposre,
895 4063 988 4136 quippe
1007 4065 1051 4135 qui
1065 4064 1155 4116 eodem

86 4171 155 4205 anuo
173 4165 300 4216 extremo,
315 4171 366 4224 quo
380 4150 421 4204 bae
432 4149 591 4224 spes'llomsc
605 4147 704 4221 concipi
725 4161 867 4221 coeperunt,
885 4148 911 4202 in
933 4150 1048 4202 exsilium
1066 4150 1156 4202 missus

228 4241 272 4308 ll.
991 4237 1031 4303 13
