2976 4944
492 453 663 526 curor
692 455 762 526 ur.
976 407 979 416 ’
1116 435 1163 549 7'3v

95 581 191 652 modo
211 599 336 654 namra
360 584 507 654 hominis
529 602 724 680 pateretur,
749 587 941 654 beatissime
964 586 1155 682 viventem,
1209 617 1213 634 ·

94 722 205 790 neque
220 722 372 792 unquam
390 699 555 770 bonarum
573 703 696 772 artium
710 707 717 738 ¹
738 699 970 795 cupidiorem,
987 725 1088 794 quam
1100 700 1160 770 illo

94 828 258 906 tempore.
278 815 398 905 Itaque
416 811 555 906 adjicit,
578 816 685 884 visum
703 813 768 882 sibi
787 837 823 882 se
835 815 943 908 magis
955 814 991 881 in
1005 813 1159 882 exsilium

93 929 165 1010 ire,
188 931 251 1022 qui
270 930 344 998 sine
361 929 419 998 illo
438 929 610 1000 rediturus
626 947 735 1014 esset,
756 953 856 1024 quam
875 932 1024 999 illumin
1043 930 1161 1000 exsilio

94 1045 257 1138 relinqui.
277 1046 310 1114 Ο
327 1045 583 1114 fortunatiorem
597 1047 819 1128 Maroallnm,
842 1071 883 1116 eu
899 1062 1072 1140 tempore,
1092 1069 1161 1138 quo

94 1163 251 1232 exsilium
273 1188 370 1233 suum
396 1167 500 1232 liruto
516 1163 735 1258 approbavit,
756 1183 856 1257 quam
877 1188 945 1258 quo
964 1153 1161 1257 reipublicae

94 1276 328 1348 consulatum!
345 1279 505 1370 Quantus
518 1280 572 1347 vir
585 1279 644 1347 ille
660 1279 741 1362 fuit,
759 1281 819 1372 qui
833 1281 967 1361 effecit,
987 1295 1027 1347 ut
1038 1279 1162 1372 aliquis

95 1394 192 1462 exsuti
212 1394 279 1462 sibi
298 1393 496 1477 videretur,
518 1393 611 1487 quud
630 1394 674 1462 ab
692 1395 807 1462 exsule
824 1394 1026 1482 recederet3
1046 1395 1106 1488 qui
1127 1395 1162 1462 in

95 1509 354 1579 admirationem
373 1513 426 1579 sui
448 1510 589 1579 adduxit
604 1513 794 1595 homiuem,
821 1513 922 1580 etiam
938 1511 1058 1581 Catoni
1079 1516 1092 1545 ²
1102 1535 1163 1580 suo

95 1626 289 1696 mirandum
305 1626 422 1695 ildem
437 1630 560 1696 Brutus
572 1629 619 1695 ait
629 1678 638 1710 ‚
650 1631 689 1697 C.
703 1630 868 1696 Caesarem
881 1628 1162 1720 Mitylenasprae-
1189 1644 1207 1697 fi

95 1755 303 1823 tervectum,
323 1743 404 1832 quia
428 1765 496 1810 non
516 1743 698 1810 sustineret
715 1741 834 1810 videre
851 1740 1074 1810 deformatum
1086 1732 1098 1776 ³
1111 1743 1164 1809 vi-

95 1879 187 1924 rum.
211 1857 265 1924 llli
287 1856 425 1950 quidem
441 1858 587 1927 reditum
613 1859 806 1952 impetravit
828 1859 995 1940 Senatus,
1017 1837 1164 1950 publicis

93 1969 280 2062 precibus,
312 1987 379 2040 tam
403 1971 566 2040 sollicitus
589 1996 629 2039 ac
647 1987 804 2052 moestus,
834 1985 872 2037 ut
895 1994 1011 2038 omues
1030 1970 1088 2038 illo
1108 1970 1163 2038 die

95 2085 193 2152 Bruti
213 2085 341 2154 babere
359 2088 506 2155 animum
523 2084 745 2169 viderentur,
766 2103 800 2153 et
814 2110 882 2154 non
896 2110 960 2179 pro
975 2085 1160 2167 Marcello,

95 2201 158 2269 sed
173 2226 239 2295 pro
251 2227 287 2270 se
301 2202 476 2296 deprecari
490 2252 499 2284 ,
515 2225 560 2269 ne
574 2201 706 2270 exsules
722 2219 855 2282 essent,
877 2203 904 2269 si
920 2203 994 2269 sine
1007 2201 1066 2268 illo
1080 2201 1166 2268 luis-

95 2333 174 2386 sent
191 2344 199 2384 ε
217 2317 279 2386 sed
296 2318 373 2412 plus
393 2318 499 2385 multo
517 2333 720 2385 consecutus
737 2331 811 2398 est,
827 2339 895 2408 quo
914 2315 971 2384 die
987 2317 1083 2385 illum
1102 2341 1163 2384 ex-

95 2435 206 2502 sulem
224 2438 347 2503 brutus
361 2433 555 2525 relinquere
567 2455 635 2502 non
648 2433 778 2527 potuit,
799 2434 913 2502 Cesar
924 2431 1055 2502 videre.
1072 2436 1164 2503 Con-

96 2549 177 2641 tigit
211 2548 303 2615 enim
341 2543 390 2615 illi
424 2541 678 2615 testimouium⁴
711 2547 902 2638 utriusque.
939 2549 1063 2614 Brutus
1090 2547 1164 2615 sine

95 2659 263 2728 Marcello
277 2661 401 2728 reverti
419 2684 455 2728 se
469 2660 599 2728 doluit:
616 2663 728 2728 Caesar
738 2659 888 2730 erubuit.
905 2661 993 2727 Num
1007 2658 1161 2740 dubitas,
1190 2685 1203 2732 7

95 2775 184 2866 quin
202 2775 261 2844 ille
281 2791 392 2844 tantus
410 2777 483 2858 vir,
505 2779 554 2844 sie
572 2775 616 2845 ad
634 2775 846 2844 tolerandum
863 2799 961 2868 aequo
979 2775 1090 2842 animo
1103 2797 1188 2856 ειη

95 2891 211 2960 silium
232 2915 269 2959 se
291 2893 363 2984 ipse
381 2890 579 2961 adhortatus
604 2894 647 2960 sit
673 2919 680 2959 ι
706 2892 811 2983 Quod
829 2895 939 2988 patria
957 2917 1073 2976 cares,
1095 2916 1165 2961 nou

95 3020 147 3072 est
166 3007 327 3074 miserum
347 3033 354 3072 ε
376 3008 423 3074 ita
439 3021 473 3074 te
487 2999 701 3102 disciplinis⁵
723 3007 896 3090 imbuisti,
919 3023 957 3075 ut
974 3009 1078 3076 scires
1095 3032 1166 3075 om-

95 3217 129 3250 ne
140 3197 240 3252 ostiam
250 3209 294 3262 est,
303 3197 393 3251 suc.
405 3197 460 3267 708.
472 3197 526 3250 cic.
534 3198 606 3251 Brut
654 3199 800 3273 reipublice
810 3200 926 3266 nomine,
932 3201 1024 3256 obtulit
1029 3206 1165 3277 atpatriam

96 3297 125 3338 7¹
138 3315 146 3342 ,
161 3279 172 3342 (
185 3276 221 3329 ibi
240 3276 359 3344 Wesel)
376 3276 513 3330 voluntarii
526 3275 607 3330 exsilii
655 3291 740 3332 tenua
750 3278 874 3332 Casuram
888 3293 1007 3333 tueretur.

96 3355 173 3426 bajus
184 3355 236 3408 viri
247 3354 384 3426 praestantis
400 3355 556 3408 mentionem
567 3355 606 3406 ia·
691 3376 712 3407 t.
724 3353 861 3408 Bonorum
868 3359 973 3409 amum.
984 3357 1014 3410 ltl
1022 3371 1067 3423 est,
1080 3358 1165 3430 pbilo-

95 3434 138 3484 cit.
160 3431 294 3484 Ciceronis
317 3431 413 3498 oratio,
440 3451 490 3503 qua
514 3431 606 3486 Catari
654 3431 1164 3506 sopbiaeeteloquentiae-Utriusquesnirn

97 3511 259 3584 managu,
276 3511 383 3564 Senatus
395 3513 511 3578 nomine,
522 3525 606 3566 exstat.
654 3512 737 3568 studio
744 3512 985 3587 incubuit,Cratippi
998 3513 1078 3566 Stoici
1089 3513 1163 3568 dissi-

98 3589 183 3654 Qnem
195 3606 257 3639 cave
274 3607 306 3639 ns
325 3588 442 3641 eumdem
454 3589 540 3642 credas
549 3609 606 3642 enm
655 3590 729 3660 pulos

98 3665 127 3720 C.
135 3664 247 3720 Claudio
256 3665 378 3720 Marcello
386 3667 466 3719 ilorci
475 3668 550 3720 fratre
562 3667 606 3738 qni
690 3687 713 3718 s.
726 3667 827 3720 catum.
840 3666 969 3730 Uticensi,
982 3688 1033 3738 quo
1045 3687 1132 3722 socero
1141 3681 1165 3720 et

96 3761 164 3797 anno
176 3744 207 3796 U.
221 3743 251 3795 C.
263 3742 321 3812 703,
333 3747 407 3810 (ante
420 3743 481 3796 Chr.
493 3744 550 3796 Nat.
561 3746 605 3810 50)
655 3743 782 3798 avunculo
793 3743 908 3797 nubatur
916 3745 952 3796 tt.
964 3744 1065 3798 Brutus.

97 3821 256 3874 cumulatum
271 3820 361 3896 gessit,
371 3822 549 3874 etaecerrimu
558 3822 605 3874 ini-
687 3821 711 3874 3.
723 3822 917 3894 Deformatum.
930 3822 1065 3895 Dignitate
1076 3823 1167 3896 priva-

95 3899 202 3954 micitia
212 3901 307 3974 pariter
315 3920 373 3953 cum
388 3900 486 3954 Carere
499 3901 605 3966 babuit,
654 3913 726 3966 tum,
740 3913 767 3964 ut
778 3899 887 3954 exsulem
895 3913 919 3952 et
925 3918 1060 3974 pauperem
1075 3901 1165 3954 homi-

97 3979 218 4032 antistius
231 3977 288 4032 filio
313 3977 343 4030 C.
362 3976 470 4032 Claudio
482 3979 605 4032 Marcello
655 3997 714 4030 nero
729 3978 815 4047 (SNJS)

96 4056 142 4125 qui
161 4055 252 4108 consul
271 4075 329 4108 stam
348 4056 376 4110 P.
398 4056 505 4108 Lentulo
525 4056 607 4112 Curre
689 4058 712 4116 l.
739 4059 851 4125 tbntt'git
870 4059 1053 4110 testimonium.
1074 4055 1165 4110 liono-

99 4153 156 4188 2nn.
167 4135 282 4207 proximo
293 4135 303 4198 (
317 4133 350 4185 U.
363 4134 392 4187 C.
402 4135 466 4203 7⁰4³
478 4149 536 4188 anta
547 4135 608 4188 Cbr.
657 4132 758 4188 rifieurn
768 4155 859 4206 nempe
867 4135 966 4188 etfelia.

100 4213 155 4266 Nat
169 4211 354 4288 ⁴9.)sestloelm
361 4213 459 4286 gladios
471 4215 608 4288 Pompeio,
693 4217 715 4268 5.
729 4214 890 4284 Disciplinit.
902 4215 1059 4287 Sapientem.
