<?xml version="1.0" encoding="UTF-8"?>
<!DOCTYPE html PUBLIC "-//W3C//DTD XHTML 1.0 Transitional//EN"
    "http://www.w3.org/TR/xhtml1/DTD/xhtml1-transitional.dtd">
<html xmlns="http://www.w3.org/1999/xhtml" xml:lang="en" lang="en">
 <head>
  <title>
</title>
<meta http-equiv="Content-Type" content="text/html;charset=utf-8" />
  <meta name='ocr-system' content='tesseract 3.04.00' />
  <meta name='ocr-capabilities' content='ocr_page ocr_carea ocr_par ocr_line ocrx_word'/>
</head>
<body>
  <div class='ocr_page' id='page_1' title='image "./lannsenecparspr02bouigoog_0553.png"; bbox 0 0 2876 4940; ppageno 0'>
   <div class='ocr_carea' id='block_1_1' title="bbox 261 295 1002 442">
    <p class='ocr_par' dir='ltr' id='par_1_1' title="bbox 261 295 1002 442">
     <span class='ocr_line' id='line_1_1' title="bbox 261 295 1002 442; baseline 0 -20"><span class='ocrx_word' id='word_1_1' title='bbox 261 349 326 442; x_wconf 74' lang='lat'><strong>542</strong></span> <span class='ocrx_word' id='word_1_2' title='bbox 536 297 538 305; x_wconf 18' lang='lat' dir='ltr'><em>s</em></span> <span class='ocrx_word' id='word_1_3' title='bbox 595 295 665 422; x_wconf 83' lang='lat' dir='ltr'><strong>nn</strong></span> <span class='ocrx_word' id='word_1_4' title='bbox 688 345 1002 423; x_wconf 73' lang='lat' dir='ltr'><strong>annuemus</strong></span> 
     </span>
    </p>
   </div>
   <div class='ocr_carea' id='block_1_2' title="bbox 183 469 1427 2556">
    <p class='ocr_par' dir='ltr' id='par_1_2' title="bbox 183 469 1427 2556">
     <span class='ocr_line' id='line_1_2' title="bbox 260 469 1427 579; baseline -0.003 -26"><span class='ocrx_word' id='word_1_5' title='bbox 260 481 384 577; x_wconf 88' lang='lat' dir='ltr'><strong>Quod,</strong></span> <span class='ocrx_word' id='word_1_6' title='bbox 406 485 434 552; x_wconf 83' lang='lat' dir='ltr'><strong>si</strong></span> <span class='ocrx_word' id='word_1_7' title='bbox 452 483 496 552; x_wconf 91' lang='lat' dir='ltr'><strong>ab</strong></span> <span class='ocrx_word' id='word_1_8' title='bbox 512 484 619 553; x_wconf 84' lang='lat' dir='ltr'><strong>altero</strong></span> <span class='ocrx_word' id='word_1_9' title='bbox 635 486 859 579; x_wconf 73' lang='lat' dir='ltr'><strong>accepissem,</strong></span> <span class='ocrx_word' id='word_1_10' title='bbox 880 483 1041 552; x_wconf 83' lang='lat' dir='ltr'><strong>deberem</strong></span> <span class='ocrx_word' id='word_1_11' title='bbox 1059 510 1066 548; x_wconf 95' lang='lat'><strong>:</strong></span> <span class='ocrx_word' id='word_1_12' title='bbox 1087 506 1196 575; x_wconf 83' lang='lat' dir='ltr'><strong>quare</strong></span> <span class='ocrx_word' id='word_1_13' title='bbox 1213 483 1251 550; x_wconf 81' lang='lat' dir='ltr'><strong>ei</strong></span> <span class='ocrx_word' id='word_1_14' title='bbox 1268 479 1360 550; x_wconf 79' lang='lat' dir='ltr'><strong>milii</strong></span> <span class='ocrx_word' id='word_1_15' title='bbox 1425 469 1427 505; x_wconf 52' lang='lat'><strong>‘¹</strong></span> 
     </span>
     <span class='ocr_line' id='line_1_3' title="bbox 221 597 1357 694; baseline -0.002 -26"><span class='ocrx_word' id='word_1_16' title='bbox 221 612 237 668; x_wconf 79' lang='lat'>3</span> <span class='ocrx_word' id='word_1_17' title='bbox 262 602 334 694; x_wconf 90' lang='lat' dir='ltr'><strong>ipse</strong></span> <span class='ocrx_word' id='word_1_18' title='bbox 355 598 457 684; x_wconf 87' lang='lat' dir='ltr'><strong>dedi,</strong></span> <span class='ocrx_word' id='word_1_19' title='bbox 480 624 549 668; x_wconf 90' lang='lat' dir='ltr'><strong>non</strong></span> <span class='ocrx_word' id='word_1_20' title='bbox 564 599 733 669; x_wconf 75' lang='lat' dir='ltr'><strong>debeam?</strong></span> <span class='ocrx_word' id='word_1_21' title='bbox 749 600 867 693; x_wconf 83' lang='lat' dir='ltr'><strong>Quare</strong></span> <span class='ocrx_word' id='word_1_22' title='bbox 885 600 948 667; x_wconf 89' lang='lat' dir='ltr'><strong>sim</strong></span> <span class='ocrx_word' id='word_1_23' title='bbox 965 597 1126 669; x_wconf 88' lang='lat' dir='ltr'><strong>adversus</strong></span> <span class='ocrx_word' id='word_1_24' title='bbox 1144 625 1200 667; x_wconf 89' lang='lat' dir='ltr'><strong>me</strong></span> <span class='ocrx_word' id='word_1_25' title='bbox 1223 602 1357 692; x_wconf 79' lang='lat' dir='ltr'><strong>iugra-</strong></span> 
     </span>
     <span class='ocr_line' id='line_1_4' title="bbox 262 716 1357 812; baseline -0.003 -25"><span class='ocrx_word' id='word_1_26' title='bbox 262 734 316 787; x_wconf 88' lang='lat' dir='ltr'><strong>tus</strong></span> <span class='ocrx_word' id='word_1_27' title='bbox 331 745 338 785; x_wconf 91' lang='lat'>:</span> <span class='ocrx_word' id='word_1_28' title='bbox 352 717 446 812; x_wconf 94' lang='lat' dir='ltr'><strong>quod</strong></span> <span class='ocrx_word' id='word_1_29' title='bbox 454 742 523 785; x_wconf 92' lang='lat' dir='ltr'><strong>non</strong></span> <span class='ocrx_word' id='word_1_30' title='bbox 535 718 647 786; x_wconf 89' lang='lat' dir='ltr'><strong>minus</strong></span> <span class='ocrx_word' id='word_1_31' title='bbox 658 732 757 812; x_wconf 84' lang='lat' dir='ltr'><strong>turpe</strong></span> <span class='ocrx_word' id='word_1_32' title='bbox 768 733 819 786; x_wconf 89' lang='lat' dir='ltr'><strong>est</strong></span> <span class='ocrx_word' id='word_1_33' title='bbox 830 767 839 799; x_wconf 84' lang='lat'><strong>,</strong></span> <span class='ocrx_word' id='word_1_34' title='bbox 852 741 953 809; x_wconf 90' lang='lat' dir='ltr'><strong>quam</strong></span> <span class='ocrx_word' id='word_1_35' title='bbox 967 718 1003 785; x_wconf 90' lang='lat' dir='ltr'><strong>in</strong></span> <span class='ocrx_word' id='word_1_36' title='bbox 1014 741 1050 785; x_wconf 89' lang='lat' dir='ltr'><strong>se</strong></span> <span class='ocrx_word' id='word_1_37' title='bbox 1059 716 1244 789; x_wconf 89' lang='lat' dir='ltr'><strong>sordidum</strong></span> <span class='ocrx_word' id='word_1_38' title='bbox 1261 740 1357 802; x_wconf 81' lang='lat' dir='ltr'><strong>esse,</strong></span> 
     </span>
     <span class='ocr_line' id='line_1_5' title="bbox 263 833 1360 929; baseline -0.002 -25"><span class='ocrx_word' id='word_1_39' title='bbox 263 851 298 906; x_wconf 89' lang='lat' dir='ltr'><strong>ct</strong></span> <span class='ocrx_word' id='word_1_40' title='bbox 320 838 357 905; x_wconf 94' lang='lat' dir='ltr'><strong>in</strong></span> <span class='ocrx_word' id='word_1_41' title='bbox 382 861 419 905; x_wconf 87' lang='lat' dir='ltr'><strong>se</strong></span> <span class='ocrx_word' id='word_1_42' title='bbox 444 833 567 906; x_wconf 91' lang='lat' dir='ltr'><strong>durum</strong></span> <span class='ocrx_word' id='word_1_43' title='bbox 591 859 631 904; x_wconf 87' lang='lat' dir='ltr'><strong>ac</strong></span> <span class='ocrx_word' id='word_1_44' title='bbox 658 859 803 920; x_wconf 87' lang='lat' dir='ltr'><strong>saevum,</strong></span> <span class='ocrx_word' id='word_1_45' title='bbox 827 850 862 903; x_wconf 90' lang='lat' dir='ltr'><strong>et</strong></span> <span class='ocrx_word' id='word_1_46' title='bbox 883 836 936 903; x_wconf 90' lang='lat' dir='ltr'><strong>sui</strong></span> <span class='ocrx_word' id='word_1_47' title='bbox 958 833 1242 929; x_wconf 53' lang='lat' dir='ltr'><strong>negligentem?</strong></span> <span class='ocrx_word' id='word_1_48' title='bbox 1262 835 1360 904; x_wconf 85' lang='lat' dir='ltr'><strong>Tam</strong></span> 
     </span>
     <span class='ocr_line' id='line_1_6' title="bbox 263 951 1359 1047; baseline -0.005 -23"><span class='ocrx_word' id='word_1_49' title='bbox 263 955 368 1024; x_wconf 88' lang='lat' dir='ltr'><strong>alieni</strong></span> <span class='ocrx_word' id='word_1_50' title='bbox 390 953 544 1047; x_wconf 85' lang='lat' dir='ltr'><strong>corporis</strong></span> <span class='ocrx_word' id='word_1_51' title='bbox 570 951 648 1021; x_wconf 90' lang='lat' dir='ltr'><strong>leno</strong></span> <span class='ocrx_word' id='word_1_52' title='bbox 665 951 753 1020; x_wconf 89' lang='lat' dir='ltr'><strong>male</strong></span> <span class='ocrx_word' id='word_1_53' title='bbox 770 951 885 1035; x_wconf 86' lang='lat' dir='ltr'><strong>audit,</strong></span> <span class='ocrx_word' id='word_1_54' title='bbox 902 976 1004 1044; x_wconf 89' lang='lat' dir='ltr'><strong>quam</strong></span> <span class='ocrx_word' id='word_1_55' title='bbox 1022 953 1074 1021; x_wconf 92' lang='lat' dir='ltr'><strong>sui</strong></span> <span class='ocrx_word' id='word_1_56' title='bbox 1087 956 1113 1019; x_wconf 88' lang='lat'><strong>².</strong></span> <span class='ocrx_word' id='word_1_57' title='bbox 1130 954 1271 1046; x_wconf 84' lang='lat' dir='ltr'><strong>Nempe</strong></span> <span class='ocrx_word' id='word_1_58' title='bbox 1294 975 1359 1019; x_wconf 87' lang='lat' dir='ltr'><strong>re-</strong></span> 
     </span>
     <span class='ocr_line' id='line_1_7' title="bbox 264 1059 1361 1164; baseline 0 -27"><span class='ocrx_word' id='word_1_59' title='bbox 264 1067 491 1164; x_wconf 87' lang='lat' dir='ltr'><strong>prehenditur</strong></span> <span class='ocrx_word' id='word_1_60' title='bbox 504 1083 704 1150; x_wconf 77' lang='lat' dir='ltr'><strong>assentator,</strong></span> <span class='ocrx_word' id='word_1_61' title='bbox 722 1082 756 1136; x_wconf 89' lang='lat' dir='ltr'><strong>ct</strong></span> <span class='ocrx_word' id='word_1_62' title='bbox 774 1066 885 1136; x_wconf 88' lang='lat' dir='ltr'><strong>aliena</strong></span> <span class='ocrx_word' id='word_1_63' title='bbox 903 1067 1112 1162; x_wconf 86' lang='lat' dir='ltr'><strong>subsequens</strong></span> <span class='ocrx_word' id='word_1_64' title='bbox 1125 1059 1275 1151; x_wconf 81' lang='lat' dir='ltr'><strong>verba³‚</strong></span> <span class='ocrx_word' id='word_1_65' title='bbox 1296 1091 1361 1160; x_wconf 80' lang='lat' dir='ltr'><strong>pa·</strong></span> 
     </span>
     <span class='ocr_line' id='line_1_8' title="bbox 266 1180 1360 1276; baseline -0.004 -22"><span class='ocrx_word' id='word_1_66' title='bbox 266 1202 359 1254; x_wconf 87' lang='lat' dir='ltr'><strong>ratus</strong></span> <span class='ocrx_word' id='word_1_67' title='bbox 385 1184 431 1252; x_wconf 88' lang='lat' dir='ltr'><strong>ad</strong></span> <span class='ocrx_word' id='word_1_68' title='bbox 458 1183 541 1252; x_wconf 87' lang='lat' dir='ltr'><strong>falsa</strong></span> <span class='ocrx_word' id='word_1_69' title='bbox 568 1180 747 1251; x_wconf 88' lang='lat' dir='ltr'><strong>laudator:</strong></span> <span class='ocrx_word' id='word_1_70' title='bbox 764 1205 833 1250; x_wconf 89' lang='lat' dir='ltr'><strong>non</strong></span> <span class='ocrx_word' id='word_1_71' title='bbox 850 1184 960 1252; x_wconf 84' lang='lat' dir='ltr'><strong>minus</strong></span> <span class='ocrx_word' id='word_1_72' title='bbox 979 1183 1119 1276; x_wconf 87' lang='lat' dir='ltr'><strong>placens</strong></span> <span class='ocrx_word' id='word_1_73' title='bbox 1137 1182 1230 1266; x_wconf 90' lang='lat' dir='ltr'><strong>sibi,</strong></span> <span class='ocrx_word' id='word_1_74' title='bbox 1255 1199 1301 1250; x_wconf 83' lang='lat' dir='ltr'><strong>et</strong></span> <span class='ocrx_word' id='word_1_75' title='bbox 1320 1205 1360 1250; x_wconf 89' lang='lat' dir='ltr'><strong>se</strong></span> 
     </span>
     <span class='ocr_line' id='line_1_9' title="bbox 266 1298 1358 1394; baseline -0.004 -24"><span class='ocrx_word' id='word_1_76' title='bbox 266 1301 474 1394; x_wconf 86' lang='lat' dir='ltr'><strong>suspiciens,</strong></span> <span class='ocrx_word' id='word_1_77' title='bbox 496 1315 550 1383; x_wconf 89' lang='lat' dir='ltr'><strong>et,</strong></span> <span class='ocrx_word' id='word_1_78' title='bbox 568 1314 606 1367; x_wconf 93' lang='lat' dir='ltr'><strong>ut</strong></span> <span class='ocrx_word' id='word_1_79' title='bbox 622 1300 669 1367; x_wconf 87' lang='lat' dir='ltr'><strong>ita</strong></span> <span class='ocrx_word' id='word_1_80' title='bbox 688 1298 819 1382; x_wconf 85' lang='lat' dir='ltr'><strong>dicam,</strong></span> <span class='ocrx_word' id='word_1_81' title='bbox 843 1313 1030 1368; x_wconf 78' lang='lat' dir='ltr'><strong>assentator</strong></span> <span class='ocrx_word' id='word_1_82' title='bbox 1052 1323 1146 1382; x_wconf 84' lang='lat' dir='ltr'><strong>suus.</strong></span> <span class='ocrx_word' id='word_1_83' title='bbox 1162 1302 1259 1368; x_wconf 88' lang='lat' dir='ltr'><strong>Vitia</strong></span> <span class='ocrx_word' id='word_1_84' title='bbox 1280 1321 1358 1367; x_wconf 90' lang='lat' dir='ltr'><strong>non</strong></span> 
     </span>
     <span class='ocr_line' id='line_1_10' title="bbox 268 1416 1360 1511; baseline -0.004 -23"><span class='ocrx_word' id='word_1_85' title='bbox 268 1434 398 1488; x_wconf 86' lang='lat' dir='ltr'><strong>tantum</strong></span> <span class='ocrx_word' id='word_1_86' title='bbox 411 1442 515 1510; x_wconf 91' lang='lat' dir='ltr'><strong>quum</strong></span> <span class='ocrx_word' id='word_1_87' title='bbox 535 1416 618 1485; x_wconf 83' lang='lat' dir='ltr'><strong>loris</strong></span> <span class='ocrx_word' id='word_1_88' title='bbox 634 1430 799 1511; x_wconf 85' lang='lat' dir='ltr'><strong>peccant,</strong></span> <span class='ocrx_word' id='word_1_89' title='bbox 817 1417 926 1485; x_wconf 87' lang='lat' dir='ltr'><strong>invisa</strong></span> <span class='ocrx_word' id='word_1_90' title='bbox 941 1434 1042 1501; x_wconf 86' lang='lat' dir='ltr'><strong>sunt,</strong></span> <span class='ocrx_word' id='word_1_91' title='bbox 1063 1416 1122 1487; x_wconf 84' lang='lat' dir='ltr'><strong>sed</strong></span> <span class='ocrx_word' id='word_1_92' title='bbox 1136 1443 1244 1510; x_wconf 92' lang='lat' dir='ltr'><strong>quum</strong></span> <span class='ocrx_word' id='word_1_93' title='bbox 1260 1420 1304 1485; x_wconf 92' lang='lat' dir='ltr'><strong>in</strong></span> <span class='ocrx_word' id='word_1_94' title='bbox 1319 1437 1360 1484; x_wconf 86' lang='lat' dir='ltr'><strong>sc</strong></span> 
     </span>
     <span class='ocr_line' id='line_1_11' title="bbox 269 1528 1359 1626; baseline -0.004 -25"><span class='ocrx_word' id='word_1_95' title='bbox 269 1548 523 1626; x_wconf 86' lang='lat' dir='ltr'><strong>retorquentur.</strong></span> <span class='ocrx_word' id='word_1_96' title='bbox 545 1530 658 1623; x_wconf 88' lang='lat' dir='ltr'><strong>Quem</strong></span> <span class='ocrx_word' id='word_1_97' title='bbox 679 1531 786 1624; x_wconf 83' lang='lat' dir='ltr'><strong>magis</strong></span> <span class='ocrx_word' id='word_1_98' title='bbox 803 1528 1045 1614; x_wconf 83' lang='lat' dir='ltr'><strong>admiraberis,</strong></span> <span class='ocrx_word' id='word_1_99' title='bbox 1067 1556 1169 1625; x_wconf 91' lang='lat' dir='ltr'><strong>quam</strong></span> <span class='ocrx_word' id='word_1_100' title='bbox 1191 1533 1254 1624; x_wconf 89' lang='lat' dir='ltr'><strong>qui</strong></span> <span class='ocrx_word' id='word_1_101' title='bbox 1283 1532 1359 1598; x_wconf 90' lang='lat' dir='ltr'><strong>im·</strong></span> 
     </span>
     <span class='ocr_line' id='line_1_12' title="bbox 228 1644 1359 1742; baseline -0.004 -26"><span class='ocrx_word' id='word_1_102' title='bbox 228 1675 245 1740; x_wconf 78' lang='lat'><strong><em>4</em></strong></span> <span class='ocrx_word' id='word_1_103' title='bbox 269 1663 366 1742; x_wconf 76' lang='lat' dir='ltr'><strong>petat</strong></span> <span class='ocrx_word' id='word_1_104' title='bbox 384 1646 472 1728; x_wconf 85' lang='lat' dir='ltr'><strong>sibi,</strong></span> <span class='ocrx_word' id='word_1_105' title='bbox 491 1670 591 1739; x_wconf 88' lang='lat' dir='ltr'><strong>qnam</strong></span> <span class='ocrx_word' id='word_1_106' title='bbox 611 1647 672 1737; x_wconf 93' lang='lat' dir='ltr'><strong>qui</strong></span> <span class='ocrx_word' id='word_1_107' title='bbox 691 1644 846 1713; x_wconf 86' lang='lat' dir='ltr'><strong>sehabet</strong></span> <span class='ocrx_word' id='word_1_108' title='bbox 864 1646 899 1713; x_wconf 94' lang='lat' dir='ltr'><strong>in</strong></span> <span class='ocrx_word' id='word_1_109' title='bbox 917 1649 1249 1741; x_wconf 74' lang='lat' dir='ltr'><strong>potestatelGentes</strong></span> <span class='ocrx_word' id='word_1_110' title='bbox 1264 1647 1359 1714; x_wconf 86' lang='lat' dir='ltr'><strong>laci-</strong></span> 
     </span>
     <span class='ocr_line' id='line_1_13' title="bbox 270 1755 1355 1858; baseline -0.001 -26"><span class='ocrx_word' id='word_1_111' title='bbox 270 1765 336 1832; x_wconf 90' lang='lat' dir='ltr'><strong>lius</strong></span> <span class='ocrx_word' id='word_1_112' title='bbox 346 1755 415 1832; x_wconf 61' lang='lat' dir='ltr'><strong>esti</strong></span> <span class='ocrx_word' id='word_1_113' title='bbox 428 1761 610 1844; x_wconf 85' lang='lat' dir='ltr'><strong>barbaras,</strong></span> <span class='ocrx_word' id='word_1_114' title='bbox 625 1762 908 1854; x_wconf 83' lang='lat' dir='ltr'><strong>impatientesque</strong></span> <span class='ocrx_word' id='word_1_115' title='bbox 921 1763 1026 1831; x_wconf 83' lang='lat' dir='ltr'><strong>alieni</strong></span> <span class='ocrx_word' id='word_1_116' title='bbox 1037 1763 1192 1848; x_wconf 86' lang='lat' dir='ltr'><strong>arbitrii,</strong></span> <span class='ocrx_word' id='word_1_117' title='bbox 1210 1788 1355 1858; x_wconf 80' lang='lat' dir='ltr'><strong>regere,</strong></span> 
     </span>
     <span class='ocr_line' id='line_1_14' title="bbox 271 1879 1357 1974; baseline -0.004 -24"><span class='ocrx_word' id='word_1_118' title='bbox 271 1905 370 1974; x_wconf 88' lang='lat' dir='ltr'><strong>quam</strong></span> <span class='ocrx_word' id='word_1_119' title='bbox 382 1881 535 1950; x_wconf 88' lang='lat' dir='ltr'><strong>animum</strong></span> <span class='ocrx_word' id='word_1_120' title='bbox 551 1901 648 1972; x_wconf 81' lang='lat' dir='ltr'><strong>suum</strong></span> <span class='ocrx_word' id='word_1_121' title='bbox 663 1879 859 1961; x_wconf 89' lang='lat' dir='ltr'><strong>continere,</strong></span> <span class='ocrx_word' id='word_1_122' title='bbox 873 1896 907 1948; x_wconf 89' lang='lat' dir='ltr'><strong>ct</strong></span> <span class='ocrx_word' id='word_1_123' title='bbox 921 1880 1057 1949; x_wconf 83' lang='lat' dir='ltr'><strong>tradere</strong></span> <span class='ocrx_word' id='word_1_124' title='bbox 1070 1881 1147 1948; x_wconf 86' lang='lat' dir='ltr'><strong>sibi.</strong></span> <span class='ocrx_word' id='word_1_125' title='bbox 1164 1881 1282 1964; x_wconf 87' lang='lat' dir='ltr'><strong>Plato,</strong></span> <span class='ocrx_word' id='word_1_126' title='bbox 1297 1882 1357 1946; x_wconf 90' lang='lat' dir='ltr'><strong>in·</strong></span> 
     </span>
     <span class='ocr_line' id='line_1_15' title="bbox 271 1987 1355 2092; baseline -0.005 -25"><span class='ocrx_word' id='word_1_127' title='bbox 271 2000 366 2092; x_wconf 91' lang='lat' dir='ltr'><strong>quit,</strong></span> <span class='ocrx_word' id='word_1_128' title='bbox 393 1997 464 2091; x_wconf 81' lang='lat' dir='ltr'><strong>agit</strong></span> <span class='ocrx_word' id='word_1_129' title='bbox 487 1995 617 2064; x_wconf 87' lang='lat' dir='ltr'><strong>Socrati</strong></span> <span class='ocrx_word' id='word_1_130' title='bbox 645 1987 790 2088; x_wconf 81' lang='lat' dir='ltr'><strong>gratias,</strong></span> <span class='ocrx_word' id='word_1_131' title='bbox 817 1994 911 2088; x_wconf 93' lang='lat' dir='ltr'><strong>quod</strong></span> <span class='ocrx_word' id='word_1_132' title='bbox 929 1995 974 2064; x_wconf 86' lang='lat' dir='ltr'><strong>ab</strong></span> <span class='ocrx_word' id='word_1_133' title='bbox 993 1995 1052 2064; x_wconf 81' lang='lat' dir='ltr'><strong>illo</strong></span> <span class='ocrx_word' id='word_1_134' title='bbox 1076 1993 1222 2065; x_wconf 89' lang='lat' dir='ltr'><strong>didicit:</strong></span> <span class='ocrx_word' id='word_1_135' title='bbox 1242 2019 1355 2090; x_wconf 83' lang='lat' dir='ltr'><strong>quare</strong></span> 
     </span>
     <span class='ocr_line' id='line_1_16' title="bbox 272 2109 1348 2205; baseline -0.007 -20"><span class='ocrx_word' id='word_1_136' title='bbox 272 2117 428 2186; x_wconf 85' lang='lat' dir='ltr'><strong>Socrates</strong></span> <span class='ocrx_word' id='word_1_137' title='bbox 442 2112 507 2182; x_wconf 89' lang='lat' dir='ltr'><strong>sibi</strong></span> <span class='ocrx_word' id='word_1_138' title='bbox 519 2135 587 2179; x_wconf 92' lang='lat' dir='ltr'><strong>non</strong></span> <span class='ocrx_word' id='word_1_139' title='bbox 601 2127 680 2205; x_wconf 74' lang='lat' dir='ltr'><strong>agat</strong></span> <span class='ocrx_word' id='word_1_140' title='bbox 692 2161 701 2194; x_wconf 94' lang='lat'>‚</span> <span class='ocrx_word' id='word_1_141' title='bbox 715 2109 808 2203; x_wconf 91' lang='lat' dir='ltr'><strong>quod</strong></span> <span class='ocrx_word' id='word_1_142' title='bbox 820 2113 893 2205; x_wconf 89' lang='lat' dir='ltr'><strong>ipse</strong></span> <span class='ocrx_word' id='word_1_143' title='bbox 908 2136 945 2182; x_wconf 84' lang='lat' dir='ltr'><strong>sc</strong></span> <span class='ocrx_word' id='word_1_144' title='bbox 960 2111 1103 2181; x_wconf 76' lang='lat' dir='ltr'><strong>docuit?</strong></span> <span class='ocrx_word' id='word_1_145' title='bbox 1115 2117 1166 2180; x_wconf 94' lang='lat' dir='ltr'><strong>M.</strong></span> <span class='ocrx_word' id='word_1_146' title='bbox 1179 2115 1263 2183; x_wconf 87' lang='lat' dir='ltr'><strong>Cato</strong></span> <span class='ocrx_word' id='word_1_147' title='bbox 1277 2114 1348 2180; x_wconf 87' lang='lat' dir='ltr'><strong>ait:</strong></span> 
     </span>
     <span class='ocr_line' id='line_1_17' title="bbox 274 2227 1353 2323; baseline -0.002 -23"><span class='ocrx_word' id='word_1_148' title='bbox 274 2228 379 2323; x_wconf 88' lang='lat' dir='ltr'><strong>Quod</strong></span> <span class='ocrx_word' id='word_1_149' title='bbox 397 2229 459 2298; x_wconf 91' lang='lat' dir='ltr'><strong>tibi</strong></span> <span class='ocrx_word' id='word_1_150' title='bbox 474 2227 590 2310; x_wconf 84' lang='lat' dir='ltr'><strong>deest,</strong></span> <span class='ocrx_word' id='word_1_151' title='bbox 606 2251 626 2294; x_wconf 84' lang='lat' dir='ltr'><strong>a</strong></span> <span class='ocrx_word' id='word_1_152' title='bbox 642 2243 674 2294; x_wconf 88' lang='lat' dir='ltr'><strong>te</strong></span> <span class='ocrx_word' id='word_1_153' title='bbox 693 2229 768 2321; x_wconf 91' lang='lat' dir='ltr'><strong>ipso</strong></span> <span class='ocrx_word' id='word_1_154' title='bbox 785 2244 963 2316; x_wconf 70' lang='lat' dir='ltr'><strong>mutuare,</strong></span> <span class='ocrx_word' id='word_1_155' title='bbox 984 2253 1092 2322; x_wconf 88' lang='lat' dir='ltr'><strong>quare</strong></span> <span class='ocrx_word' id='word_1_156' title='bbox 1115 2228 1246 2298; x_wconf 89' lang='lat' dir='ltr'><strong>donare</strong></span> <span class='ocrx_word' id='word_1_157' title='bbox 1263 2229 1353 2298; x_wconf 85' lang='lat' dir='ltr'><strong>mihi</strong></span> 
     </span>
     <span class='ocr_line' id='line_1_18' title="bbox 274 2341 1349 2442; baseline -0.001 -26"><span class='ocrx_word' id='word_1_158' title='bbox 274 2374 342 2418; x_wconf 90' lang='lat' dir='ltr'><strong>non</strong></span> <span class='ocrx_word' id='word_1_159' title='bbox 354 2370 511 2442; x_wconf 85' lang='lat' dir='ltr'><strong>possum,</strong></span> <span class='ocrx_word' id='word_1_160' title='bbox 527 2346 556 2412; x_wconf 91' lang='lat' dir='ltr'><strong>si</strong></span> <span class='ocrx_word' id='word_1_161' title='bbox 567 2341 781 2413; x_wconf 87' lang='lat' dir='ltr'><strong>commodare</strong></span> <span class='ocrx_word' id='word_1_162' title='bbox 798 2369 933 2438; x_wconf 87' lang='lat' dir='ltr'><strong>possum</strong></span> <span class='ocrx_word' id='word_1_163' title='bbox 948 2347 1241 2416; x_wconf 75' lang='lat' dir='ltr'><strong>Plnnumerabilia</strong></span> <span class='ocrx_word' id='word_1_164' title='bbox 1254 2365 1349 2428; x_wconf 82' lang='lat' dir='ltr'><strong>sunt,</strong></span> 
     </span>
     <span class='ocr_line' id='line_1_19' title="bbox 183 2459 1353 2556; baseline -0.006 -19"><span class='ocrx_word' id='word_1_165' title='bbox 183 2495 186 2502; x_wconf 50' lang='lat'>¹</span> <span class='ocrx_word' id='word_1_166' title='bbox 233 2487 248 2537; x_wconf 85' lang='grc'>5</span> <span class='ocrx_word' id='word_1_167' title='bbox 276 2467 312 2533; x_wconf 88' lang='lat' dir='ltr'><strong>in</strong></span> <span class='ocrx_word' id='word_1_168' title='bbox 329 2464 454 2556; x_wconf 89' lang='lat' dir='ltr'><strong>quibus</strong></span> <span class='ocrx_word' id='word_1_169' title='bbox 469 2459 678 2530; x_wconf 87' lang='lat' dir='ltr'><strong>consuetudo</strong></span> <span class='ocrx_word' id='word_1_170' title='bbox 699 2485 760 2528; x_wconf 90' lang='lat' dir='ltr'><strong>nos</strong></span> <span class='ocrx_word' id='word_1_171' title='bbox 774 2459 909 2530; x_wconf 87' lang='lat' dir='ltr'><strong>dividit.</strong></span> <span class='ocrx_word' id='word_1_172' title='bbox 932 2464 1056 2532; x_wconf 90' lang='lat' dir='ltr'><strong>Dicere</strong></span> <span class='ocrx_word' id='word_1_173' title='bbox 1075 2463 1247 2533; x_wconf 86' lang='lat' dir='ltr'><strong>solemus:</strong></span> <span class='ocrx_word' id='word_1_174' title='bbox 1267 2465 1353 2534; x_wconf 82' lang='lat' dir='ltr'><strong>Sine</strong></span> 
     </span>
    </p>
   </div>
   <div class='ocr_carea' id='block_1_3' title="bbox 275 2580 1352 2789">
    <p class='ocr_par' dir='ltr' id='par_1_3' title="bbox 275 2580 1352 2789">
     <span class='ocr_line' id='line_1_20' title="bbox 276 2580 1352 2675; baseline -0.002 -24"><span class='ocrx_word' id='word_1_175' title='bbox 276 2583 397 2674; x_wconf 89' lang='lat' dir='ltr'><strong>loquar</strong></span> <span class='ocrx_word' id='word_1_176' title='bbox 414 2603 546 2649; x_wconf 89' lang='lat' dir='ltr'><strong>mecum</strong></span> <span class='ocrx_word' id='word_1_177' title='bbox 565 2605 573 2645; x_wconf 77' lang='lat' dir='ltr'><strong><em>z</em></strong></span> <span class='ocrx_word' id='word_1_178' title='bbox 593 2595 648 2661; x_wconf 89' lang='lat' dir='ltr'><strong>et,</strong></span> <span class='ocrx_word' id='word_1_179' title='bbox 671 2582 744 2673; x_wconf 79' lang='lat' dir='ltr'><strong>Ego</strong></span> <span class='ocrx_word' id='word_1_180' title='bbox 760 2580 843 2646; x_wconf 93' lang='lat' dir='ltr'><strong>mihi</strong></span> <span class='ocrx_word' id='word_1_181' title='bbox 865 2604 982 2648; x_wconf 84' lang='lat' dir='ltr'><strong>aurem</strong></span> <span class='ocrx_word' id='word_1_182' title='bbox 997 2582 1195 2674; x_wconf 80' lang='lat' dir='ltr'><strong>pervellem.</strong></span> <span class='ocrx_word' id='word_1_183' title='bbox 1215 2583 1305 2675; x_wconf 85' lang='lat' dir='ltr'><strong>Quae</strong></span> <span class='ocrx_word' id='word_1_184' title='bbox 1323 2584 1352 2650; x_wconf 87' lang='lat' dir='ltr'><strong>si</strong></span> 
     </span>
     <span class='ocr_line' id='line_1_21' title="bbox 275 2694 1352 2789; baseline -0.003 -21"><span class='ocrx_word' id='word_1_185' title='bbox 275 2724 356 2768; x_wconf 87' lang='lat' dir='ltr'><strong>vera</strong></span> <span class='ocrx_word' id='word_1_186' title='bbox 371 2715 466 2778; x_wconf 91' lang='lat' dir='ltr'><strong>sunt,</strong></span> <span class='ocrx_word' id='word_1_187' title='bbox 485 2694 769 2789; x_wconf 86' lang='lat' dir='ltr'><strong>quemadmodum</strong></span> <span class='ocrx_word' id='word_1_188' title='bbox 781 2694 907 2788; x_wconf 89' lang='lat' dir='ltr'><strong>aliquis</strong></span> <span class='ocrx_word' id='word_1_189' title='bbox 919 2696 985 2765; x_wconf 89' lang='lat' dir='ltr'><strong>sihi</strong></span> <span class='ocrx_word' id='word_1_190' title='bbox 1000 2699 1100 2766; x_wconf 87' lang='lat' dir='ltr'><strong>irasci</strong></span> <span class='ocrx_word' id='word_1_191' title='bbox 1114 2697 1236 2782; x_wconf 92' lang='lat' dir='ltr'><strong>debet,</strong></span> <span class='ocrx_word' id='word_1_192' title='bbox 1254 2701 1352 2768; x_wconf 88' lang='lat' dir='ltr'><strong>sicet</strong></span> 
     </span>
    </p>
   </div>
   <div class='ocr_carea' id='block_1_4' title="bbox 212 2889 1352 4220">
    <p class='ocr_par' dir='ltr' id='par_1_4' title="bbox 212 2889 1352 4220">
     <span class='ocr_line' id='line_1_22' title="bbox 276 2889 1352 2970; baseline -0.002 -21"><span class='ocrx_word' id='word_1_193' title='bbox 276 2917 321 2970; x_wconf 91' lang='lat' dir='ltr'><strong>pro</strong></span> <span class='ocrx_word' id='word_1_194' title='bbox 335 2896 434 2949; x_wconf 82' lang='lat' dir='ltr'><strong>diverse</strong></span> <span class='ocrx_word' id='word_1_195' title='bbox 445 2893 553 2965; x_wconf 78' lang='lat' dir='ltr'><strong>quedam</strong></span> <span class='ocrx_word' id='word_1_196' title='bbox 567 2911 673 2965; x_wconf 85' lang='lat' dir='ltr'><strong>persone</strong></span> <span class='ocrx_word' id='word_1_197' title='bbox 686 2889 789 2944; x_wconf 77' lang='lat' dir='ltr'><strong>heben—</strong></span> <span class='ocrx_word' id='word_1_198' title='bbox 838 2890 1069 2958; x_wconf 70' lang='lat' dir='ltr'><strong>carmins„leudo;</strong></span> <span class='ocrx_word' id='word_1_199' title='bbox 1085 2892 1191 2956; x_wconf 80' lang='lat' dir='ltr'><strong>Cautes,</strong></span> <span class='ocrx_word' id='word_1_200' title='bbox 1203 2906 1279 2946; x_wconf 85' lang='lat' dir='ltr'><strong>cento</strong></span> <span class='ocrx_word' id='word_1_201' title='bbox 1289 2913 1299 2957; x_wconf 72' lang='grc' dir='ltr'>ς</span> <span class='ocrx_word' id='word_1_202' title='bbox 1310 2893 1352 2947; x_wconf 76' lang='lat' dir='ltr'><strong>lti-</strong></span> 
     </span>
     <span class='ocr_line' id='line_1_23' title="bbox 277 2969 1351 3044; baseline -0.002 -16"><span class='ocrx_word' id='word_1_203' title='bbox 277 2990 330 3042; x_wconf 84' lang='lat' dir='ltr'><strong>tes,</strong></span> <span class='ocrx_word' id='word_1_204' title='bbox 350 2993 426 3044; x_wconf 77' lang='lat' dir='ltr'><strong>quem</strong></span> <span class='ocrx_word' id='word_1_205' title='bbox 441 2973 536 3026; x_wconf 78' lang='lat' dir='ltr'><strong>fuimus</strong></span> <span class='ocrx_word' id='word_1_206' title='bbox 553 2983 622 3036; x_wconf 88' lang='lat' dir='ltr'><strong>tum,</strong></span> <span class='ocrx_word' id='word_1_207' title='bbox 642 2990 721 3041; x_wconf 87' lang='lat' dir='ltr'><strong>quum</strong></span> <span class='ocrx_word' id='word_1_208' title='bbox 744 2970 788 3023; x_wconf 83' lang='lat' dir='ltr'><strong>ille</strong></span> <span class='ocrx_word' id='word_1_209' title='bbox 838 2969 1351 3036; x_wconf 78' lang='lat' dir='ltr'><strong>bie,Pontiliane,bibo.»ltem,.lnvrn.</strong></span> 
     </span>
     <span class='ocr_line' id='line_1_24' title="bbox 277 3049 1351 3121; baseline -0.004 -13"><span class='ocrx_word' id='word_1_210' title='bbox 277 3055 318 3108; x_wconf 84' lang='lat' dir='ltr'><strong>vel</strong></span> <span class='ocrx_word' id='word_1_211' title='bbox 331 3054 415 3118; x_wconf 80' lang='lat' dir='ltr'><strong>bons,</strong></span> <span class='ocrx_word' id='word_1_212' title='bbox 429 3052 469 3105; x_wconf 84' lang='lat' dir='ltr'><strong>vel</strong></span> <span class='ocrx_word' id='word_1_213' title='bbox 481 3052 547 3105; x_wconf 82' lang='lat' dir='ltr'><strong>mels</strong></span> <span class='ocrx_word' id='word_1_214' title='bbox 560 3049 724 3103; x_wconf 76' lang='lat' dir='ltr'><strong>faciebamus.</strong></span> <span class='ocrx_word' id='word_1_215' title='bbox 841 3049 891 3102; x_wconf 77' lang='lat' dir='ltr'><strong>Sat</strong></span> <span class='ocrx_word' id='word_1_216' title='bbox 910 3065 962 3103; x_wconf 86' lang='lat'>111:</span> <span class='ocrx_word' id='word_1_217' title='bbox 975 3050 1090 3114; x_wconf 74' lang='lat' dir='ltr'><strong>«Rides,</strong></span> <span class='ocrx_word' id='word_1_218' title='bbox 1110 3050 1206 3121; x_wconf 77' lang='lat' dir='ltr'><strong>majore</strong></span> <span class='ocrx_word' id='word_1_219' title='bbox 1225 3052 1351 3104; x_wconf 74' lang='lat' dir='ltr'><strong>caehinno</strong></span> 
     </span>
     <span class='ocr_line' id='line_1_25' title="bbox 313 3129 1351 3204; baseline -0.003 -17"><span class='ocrx_word' id='word_1_220' title='bbox 313 3133 548 3204; x_wconf 81' lang='lat' dir='ltr'><strong>1.Quaminre</strong></span> <span class='ocrx_word' id='word_1_221' title='bbox 549 3167 596 3183; x_wconf 90' lang='grc'>......</span> <span class='ocrx_word' id='word_1_222' title='bbox 616 3132 792 3199; x_wconf 69' lang='lat' dir='ltr'><strong>negligentem.</strong></span> <span class='ocrx_word' id='word_1_223' title='bbox 840 3129 1005 3194; x_wconf 66' lang='lat' dir='ltr'><strong>Cantatum</strong></span> <span class='ocrx_word' id='word_1_224' title='bbox 1025 3130 1081 3197; x_wconf 87' lang='lat' dir='ltr'><strong>flet,</strong></span> <span class='ocrx_word' id='word_1_225' title='bbox 1102 3130 1124 3182; x_wconf 84' lang='lat' dir='ltr'><strong>si</strong></span> <span class='ocrx_word' id='word_1_226' title='bbox 1143 3129 1270 3200; x_wconf 78' lang='lat' dir='ltr'><strong>lacrymas</strong></span> <span class='ocrx_word' id='word_1_227' title='bbox 1288 3151 1351 3185; x_wconf 87' lang='lat' dir='ltr'><strong>eon-</strong></span> 
     </span>
     <span class='ocr_line' id='line_1_26' title="bbox 278 3205 1032 3283; baseline -0.007 -19"><span class='ocrx_word' id='word_1_228' title='bbox 278 3210 400 3283; x_wconf 83' lang='lat' dir='ltr'><strong>Exemplo</strong></span> <span class='ocrx_word' id='word_1_229' title='bbox 412 3211 445 3262; x_wconf 87' lang='lat' dir='ltr'><strong>sit</strong></span> <span class='ocrx_word' id='word_1_230' title='bbox 461 3209 505 3262; x_wconf 84' lang='lat' dir='ltr'><strong>ille</strong></span> <span class='ocrx_word' id='word_1_231' title='bbox 520 3208 789 3262; x_wconf 81' lang='lat' dir='ltr'><strong>Heautontimorume·</strong></span> <span class='ocrx_word' id='word_1_232' title='bbox 840 3206 918 3280; x_wconf 79' lang='lat' dir='ltr'><strong>spexit</strong></span> <span class='ocrx_word' id='word_1_233' title='bbox 928 3205 1032 3259; x_wconf 79' lang='lat' dir='ltr'><strong>amici.»</strong></span> 
     </span>
     <span class='ocr_line' id='line_1_27' title="bbox 280 3285 1350 3358; baseline -0.002 -16"><span class='ocrx_word' id='word_1_234' title='bbox 280 3309 326 3342; x_wconf 86' lang='lat' dir='ltr'><strong>nos</strong></span> <span class='ocrx_word' id='word_1_235' title='bbox 338 3287 467 3349; x_wconf 81' lang='lat' dir='ltr'><strong>Terentii,</strong></span> <span class='ocrx_word' id='word_1_236' title='bbox 490 3287 534 3358; x_wconf 92' lang='lat' dir='ltr'><strong>qui</strong></span> <span class='ocrx_word' id='word_1_237' title='bbox 546 3287 578 3340; x_wconf 88' lang='lat' dir='ltr'><strong>ob</strong></span> <span class='ocrx_word' id='word_1_238' title='bbox 589 3285 726 3349; x_wconf 78' lang='lat' dir='ltr'><strong>duritiem,</strong></span> <span class='ocrx_word' id='word_1_239' title='bbox 742 3306 791 3358; x_wconf 78' lang='lat' dir='ltr'><strong>qne</strong></span> <span class='ocrx_word' id='word_1_240' title='bbox 874 3289 897 3353; x_wconf 73' lang='grc'><strong>4.</strong></span> <span class='ocrx_word' id='word_1_241' title='bbox 905 3289 1000 3340; x_wconf 80' lang='lat' dir='ltr'><strong>Gentes</strong></span> <span class='ocrx_word' id='word_1_242' title='bbox 1004 3287 1116 3354; x_wconf 80' lang='lat' dir='ltr'><strong>facilius</strong></span> <span class='ocrx_word' id='word_1_243' title='bbox 1124 3298 1175 3351; x_wconf 80' lang='lat' dir='ltr'><strong>est,</strong></span> <span class='ocrx_word' id='word_1_244' title='bbox 1186 3299 1234 3339; x_wconf 74' lang='lat' dir='ltr'><strong>ete</strong></span> <span class='ocrx_word' id='word_1_245' title='bbox 1244 3287 1350 3340; x_wconf 83' lang='lat' dir='ltr'><strong>Senten-</strong></span> 
     </span>
     <span class='ocr_line' id='line_1_28' title="bbox 279 3363 1351 3437; baseline 0.001 -19"><span class='ocrx_word' id='word_1_246' title='bbox 279 3365 361 3422; x_wconf 82' lang='lat' dir='ltr'><strong>filium</strong></span> <span class='ocrx_word' id='word_1_247' title='bbox 373 3365 474 3417; x_wconf 80' lang='lat' dir='ltr'><strong>allecise</strong></span> <span class='ocrx_word' id='word_1_248' title='bbox 485 3365 534 3418; x_wconf 87' lang='lat' dir='ltr'><strong>sibi</strong></span> <span class='ocrx_word' id='word_1_249' title='bbox 546 3365 696 3427; x_wconf 80' lang='lat' dir='ltr'><strong>videbatur,</strong></span> <span class='ocrx_word' id='word_1_250' title='bbox 709 3365 792 3418; x_wconf 88' lang='lat' dir='ltr'><strong>sordi·</strong></span> <span class='ocrx_word' id='word_1_251' title='bbox 841 3365 875 3417; x_wconf 81' lang='lat' dir='ltr'><strong>tie</strong></span> <span class='ocrx_word' id='word_1_252' title='bbox 884 3363 941 3419; x_wconf 78' lang='lat' dir='ltr'><strong>haec</strong></span> <span class='ocrx_word' id='word_1_253' title='bbox 951 3365 1087 3437; x_wconf 68' lang='lat' dir='ltr'><strong>sepissime</strong></span> <span class='ocrx_word' id='word_1_254' title='bbox 1098 3365 1165 3436; x_wconf 79' lang='lat' dir='ltr'><strong>apud</strong></span> <span class='ocrx_word' id='word_1_255' title='bbox 1177 3365 1297 3436; x_wconf 78' lang='lat' dir='ltr'><strong>antiquos</strong></span> <span class='ocrx_word' id='word_1_256' title='bbox 1306 3387 1351 3419; x_wconf 81' lang='lat' dir='ltr'><strong>oe-</strong></span> 
     </span>
     <span class='ocr_line' id='line_1_29' title="bbox 280 3442 1351 3516; baseline 0.004 -21"><span class='ocrx_word' id='word_1_257' title='bbox 280 3443 327 3496; x_wconf 79' lang='lat' dir='ltr'><strong>dns</strong></span> <span class='ocrx_word' id='word_1_258' title='bbox 340 3445 468 3513; x_wconf 82' lang='lat' dir='ltr'><strong>durusque</strong></span> <span class='ocrx_word' id='word_1_259' title='bbox 481 3442 508 3495; x_wconf 89' lang='lat' dir='ltr'><strong>iu</strong></span> <span class='ocrx_word' id='word_1_260' title='bbox 525 3463 551 3495; x_wconf 88' lang='lat' dir='ltr'><strong>sc</strong></span> <span class='ocrx_word' id='word_1_261' title='bbox 566 3443 622 3496; x_wconf 76' lang='lat' dir='ltr'><strong>suit.</strong></span> <span class='ocrx_word' id='word_1_262' title='bbox 638 3443 693 3495; x_wconf 87' lang='lat' dir='ltr'><strong>Nec</strong></span> <span class='ocrx_word' id='word_1_263' title='bbox 706 3454 791 3516; x_wconf 79' lang='lat' dir='ltr'><strong>postea</strong></span> <span class='ocrx_word' id='word_1_264' title='bbox 841 3442 925 3496; x_wconf 72' lang='lat' dir='ltr'><strong>uruit.</strong></span> <span class='ocrx_word' id='word_1_265' title='bbox 942 3442 1028 3494; x_wconf 84' lang='lat' dir='ltr'><strong>Prima</strong></span> <span class='ocrx_word' id='word_1_266' title='bbox 1043 3442 1098 3514; x_wconf 77' lang='lat' dir='ltr'><strong>ejus</strong></span> <span class='ocrx_word' id='word_1_267' title='bbox 1109 3442 1218 3495; x_wconf 78' lang='lat' dir='ltr'><strong>sternins</strong></span> <span class='ocrx_word' id='word_1_268' title='bbox 1233 3463 1305 3498; x_wconf 81' lang='lat' dir='ltr'><strong>orsus</strong></span> <span class='ocrx_word' id='word_1_269' title='bbox 1318 3456 1351 3498; x_wconf 74' lang='lat' dir='ltr'><strong>est</strong></span> 
     </span>
     <span class='ocr_line' id='line_1_30' title="bbox 281 3519 1351 3591; baseline 0.005 -21"><span class='ocrx_word' id='word_1_270' title='bbox 281 3520 451 3583; x_wconf 81' lang='lat' dir='ltr'><strong>‹lefnere,nec</strong></span> <span class='ocrx_word' id='word_1_271' title='bbox 460 3538 529 3571; x_wconf 84' lang='lat' dir='ltr'><strong>nnnc</strong></span> <span class='ocrx_word' id='word_1_272' title='bbox 538 3519 644 3584; x_wconf 84' lang='lat' dir='ltr'><strong>desunt,</strong></span> <span class='ocrx_word' id='word_1_273' title='bbox 653 3519 733 3589; x_wconf 89' lang='lat' dir='ltr'><strong>quiin</strong></span> <span class='ocrx_word' id='word_1_274' title='bbox 741 3519 792 3572; x_wconf 88' lang='lat' dir='ltr'><strong>Dei</strong></span> <span class='ocrx_word' id='word_1_275' title='bbox 841 3520 945 3572; x_wconf 81' lang='lat' dir='ltr'><strong>Homer.</strong></span> <span class='ocrx_word' id='word_1_276' title='bbox 959 3520 1053 3588; x_wconf 82' lang='lat' dir='ltr'><strong>11.lx,</strong></span> <span class='ocrx_word' id='word_1_277' title='bbox 1071 3523 1120 3586; x_wconf 75' lang='lat'><strong>254</strong></span> <span class='ocrx_word' id='word_1_278' title='bbox 1129 3540 1167 3591; x_wconf 80' lang='lat' dir='ltr'><strong>tq.</strong></span> <span class='ocrx_word' id='word_1_279' title='bbox 1181 3538 1189 3574; x_wconf 71' lang='grc' dir='ltr'><strong>ι</strong></span> <span class='ocrx_word' id='word_1_280' title='bbox 1207 3521 1252 3574; x_wconf 82' lang='lat' dir='ltr'><strong>ubi</strong></span> <span class='ocrx_word' id='word_1_281' title='bbox 1265 3541 1351 3575; x_wconf 73' lang='lat' dir='ltr'><strong>senem</strong></span> 
     </span>
     <span class='ocr_line' id='line_1_31' title="bbox 281 3596 1351 3662; baseline 0 -10"><span class='ocrx_word' id='word_1_282' title='bbox 281 3599 403 3652; x_wconf 81' lang='lat' dir='ltr'><strong>lionorem</strong></span> <span class='ocrx_word' id='word_1_283' title='bbox 415 3596 463 3649; x_wconf 88' lang='lat' dir='ltr'><strong>hoc</strong></span> <span class='ocrx_word' id='word_1_284' title='bbox 475 3597 537 3650; x_wconf 80' lang='lat' dir='ltr'><strong>vitio</strong></span> <span class='ocrx_word' id='word_1_285' title='bbox 549 3596 671 3648; x_wconf 77' lang='lat' dir='ltr'><strong>laborent.</strong></span> <span class='ocrx_word' id='word_1_286' title='bbox 841 3611 877 3652; x_wconf 86' lang='lat' dir='ltr'><strong>est</strong></span> <span class='ocrx_word' id='word_1_287' title='bbox 886 3617 893 3650; x_wconf 72' lang='grc' dir='ltr'><strong>ε</strong></span> <span class='ocrx_word' id='word_1_288' title='bbox 901 3598 1033 3651; x_wconf 81' lang='lat' dir='ltr'><strong>victoriam</strong></span> <span class='ocrx_word' id='word_1_289' title='bbox 1042 3597 1088 3650; x_wconf 84' lang='lat' dir='ltr'><strong>tibi</strong></span> <span class='ocrx_word' id='word_1_290' title='bbox 1098 3597 1228 3662; x_wconf 80' lang='lat' dir='ltr'><strong>(Achilli)</strong></span> <span class='ocrx_word' id='word_1_291' title='bbox 1236 3601 1351 3654; x_wconf 78' lang='lat' dir='ltr'><strong>llsrn&#39;em</strong></span> 
     </span>
     <span class='ocr_line' id='line_1_32' title="bbox 212 3669 1350 3749; baseline 0.004 -22"><span class='ocrx_word' id='word_1_292' title='bbox 212 3669 214 3676; x_wconf 56' lang='grc'><em>’</em></span> <span class='ocrx_word' id='word_1_293' title='bbox 315 3698 337 3728; x_wconf 81' lang='lat' dir='ltr'><strong>n.</strong></span> <span class='ocrx_word' id='word_1_294' title='bbox 350 3675 792 3749; x_wconf 82' lang='lat' dir='ltr'><strong>Tomalr&#39;enr&#39;corporis....sui.lly-</strong></span> <span class='ocrx_word' id='word_1_295' title='bbox 841 3689 866 3729; x_wconf 90' lang='lat' dir='ltr'><strong>et</strong></span> <span class='ocrx_word' id='word_1_296' title='bbox 878 3677 949 3729; x_wconf 80' lang='lat' dir='ltr'><strong>Juuo</strong></span> <span class='ocrx_word' id='word_1_297' title='bbox 964 3676 1076 3740; x_wconf 77' lang='lat' dir='ltr'><strong>debunt,</strong></span> <span class='ocrx_word' id='word_1_298' title='bbox 1095 3678 1116 3730; x_wconf 87' lang='lat' dir='ltr'><strong>si</strong></span> <span class='ocrx_word' id='word_1_299' title='bbox 1134 3677 1228 3742; x_wconf 82' lang='lat' dir='ltr'><strong>velint;</strong></span> <span class='ocrx_word' id='word_1_300' title='bbox 1246 3691 1275 3731; x_wconf 87' lang='lat' dir='ltr'><strong>tu</strong></span> <span class='ocrx_word' id='word_1_301' title='bbox 1293 3699 1350 3732; x_wconf 83' lang='lat' dir='ltr'><strong>vero</strong></span> 
     </span>
     <span class='ocr_line' id='line_1_33' title="bbox 282 3752 1351 3827; baseline 0.002 -21"><span class='ocrx_word' id='word_1_302' title='bbox 282 3753 380 3827; x_wconf 75' lang='lat' dir='ltr'><strong>pallage</strong></span> <span class='ocrx_word' id='word_1_303' title='bbox 397 3773 442 3825; x_wconf 93' lang='lat' dir='ltr'><strong>pro</strong></span> <span class='ocrx_word' id='word_1_304' title='bbox 460 3765 532 3804; x_wconf 82' lang='lat' dir='ltr'><strong>:tem</strong></span> <span class='ocrx_word' id='word_1_305' title='bbox 546 3752 586 3804; x_wconf 84' lang='lat' dir='ltr'><strong>eui</strong></span> <span class='ocrx_word' id='word_1_306' title='bbox 602 3752 712 3824; x_wconf 88' lang='lat' dir='ltr'><strong>eorporis</strong></span> <span class='ocrx_word' id='word_1_307' title='bbox 732 3753 790 3805; x_wconf 89' lang='lat' dir='ltr'><strong>leno</strong></span> <span class='ocrx_word' id='word_1_308' title='bbox 842 3755 956 3808; x_wconf 79' lang='lat' dir='ltr'><strong>animum</strong></span> <span class='ocrx_word' id='word_1_309' title='bbox 966 3755 1117 3826; x_wconf 54' lang='lat' dir='ltr'><strong>magnumst</strong></span> <span class='ocrx_word' id='word_1_310' title='bbox 1135 3775 1156 3808; x_wconf 93' lang='lat' dir='ltr'><strong>e.</strong></span> <span class='ocrx_word' id='word_1_311' title='bbox 1167 3755 1351 3810; x_wconf 87' lang='lat' dir='ltr'><strong>bonnmettni-</strong></span> 
     </span>
     <span class='ocr_line' id='line_1_34' title="bbox 283 3827 1352 3906; baseline 0.002 -24"><span class='ocrx_word' id='word_1_312' title='bbox 283 3829 349 3882; x_wconf 84' lang='lat' dir='ltr'><strong>male</strong></span> <span class='ocrx_word' id='word_1_313' title='bbox 361 3828 432 3882; x_wconf 82' lang='lat' dir='ltr'><strong>audit</strong></span> <span class='ocrx_word' id='word_1_314' title='bbox 446 3847 521 3900; x_wconf 82' lang='lat' dir='ltr'><strong>quarn</strong></span> <span class='ocrx_word' id='word_1_315' title='bbox 532 3827 619 3880; x_wconf 86' lang='lat' dir='ltr'><strong>alieni.</strong></span> <span class='ocrx_word' id='word_1_316' title='bbox 843 3845 894 3885; x_wconf 90' lang='lat' dir='ltr'><strong>tem</strong></span> <span class='ocrx_word' id='word_1_317' title='bbox 903 3830 996 3885; x_wconf 82' lang='lat' dir='ltr'><strong>habere</strong></span> <span class='ocrx_word' id='word_1_318' title='bbox 1007 3844 1146 3896; x_wconf 86' lang='lat' dir='ltr'><strong>memento,</strong></span> <span class='ocrx_word' id='word_1_319' title='bbox 1156 3853 1216 3885; x_wconf 84' lang='lat' dir='ltr'><strong>nem</strong></span> <span class='ocrx_word' id='word_1_320' title='bbox 1226 3833 1352 3906; x_wconf 76' lang='lat' dir='ltr'><strong>placabilis</strong></span> 
     </span>
     <span class='ocr_line' id='line_1_35' title="bbox 318 3908 1352 3978; baseline -0.003 -17"><span class='ocrx_word' id='word_1_321' title='bbox 318 3909 453 3976; x_wconf 54' lang='lat' dir='ltr'><strong>‚eduma</strong></span> <span class='ocrx_word' id='word_1_322' title='bbox 467 3909 624 3978; x_wconf 81' lang='lat' dir='ltr'><strong>subsequens</strong></span> <span class='ocrx_word' id='word_1_323' title='bbox 638 3909 727 3961; x_wconf 79' lang='lat' dir='ltr'><strong>verba.</strong></span> <span class='ocrx_word' id='word_1_324' title='bbox 743 3908 795 3976; x_wconf 85' lang='lat' dir='ltr'><strong>Qui</strong></span> <span class='ocrx_word' id='word_1_325' title='bbox 844 3909 943 3964; x_wconf 80' lang='lat' dir='ltr'><strong>enimus</strong></span> <span class='ocrx_word' id='word_1_326' title='bbox 960 3909 1002 3962; x_wconf 85' lang='lat' dir='ltr'><strong>hic</strong></span> <span class='ocrx_word' id='word_1_327' title='bbox 1020 3909 1110 3962; x_wconf 88' lang='lat' dir='ltr'><strong>melior</strong></span> <span class='ocrx_word' id='word_1_328' title='bbox 1127 3922 1163 3961; x_wconf 83' lang='lat' dir='ltr'><strong>est</strong></span> <span class='ocrx_word' id='word_1_329' title='bbox 1177 3909 1222 3964; x_wconf 77' lang='lat' dir='ltr'><strong>ille</strong></span> <span class='ocrx_word' id='word_1_330' title='bbox 1241 3910 1352 3964; x_wconf 80' lang='lat' dir='ltr'><strong>victorie.</strong></span> 
     </span>
     <span class='ocr_line' id='line_1_36' title="bbox 245 3986 1351 4063; baseline 0.001 -23"><span class='ocrx_word' id='word_1_331' title='bbox 245 3997 250 4002; x_wconf 86' lang='grc'><em>“</em></span> <span class='ocrx_word' id='word_1_332' title='bbox 286 3989 314 4040; x_wconf 93' lang='lat' dir='ltr'><strong>id</strong></span> <span class='ocrx_word' id='word_1_333' title='bbox 330 4000 478 4062; x_wconf 83' lang='lat' dir='ltr'><strong>perpetuum</strong></span> <span class='ocrx_word' id='word_1_334' title='bbox 493 3986 554 4040; x_wconf 87' lang='lat' dir='ltr'><strong>dicit</strong></span> <span class='ocrx_word' id='word_1_335' title='bbox 569 4005 626 4058; x_wconf 80' lang='lat' dir='ltr'><strong>quae</strong></span> <span class='ocrx_word' id='word_1_336' title='bbox 639 3987 708 4060; x_wconf 89' lang='lat' dir='ltr'><strong>prior</strong></span> <span class='ocrx_word' id='word_1_337' title='bbox 723 3987 796 4058; x_wconf 85' lang='lat' dir='ltr'><strong>quis-</strong></span> <span class='ocrx_word' id='word_1_338' title='bbox 844 3989 1008 4063; x_wconf 82' lang='lat' dir='ltr'><strong>Comparatio</strong></span> <span class='ocrx_word' id='word_1_339' title='bbox 1021 4001 1104 4041; x_wconf 84' lang='lat' dir='ltr'><strong>entem</strong></span> <span class='ocrx_word' id='word_1_340' title='bbox 1122 3989 1158 4041; x_wconf 79' lang='lat' dir='ltr'><strong>ibi</strong></span> <span class='ocrx_word' id='word_1_341' title='bbox 1174 4005 1210 4042; x_wconf 82' lang='lat' dir='ltr'><strong>ert</strong></span> <span class='ocrx_word' id='word_1_342' title='bbox 1228 3990 1265 4043; x_wconf 81' lang='lat' dir='ltr'><strong>ita</strong></span> <span class='ocrx_word' id='word_1_343' title='bbox 1282 3990 1351 4042; x_wconf 84' lang='lat' dir='ltr'><strong>insti·</strong></span> 
     </span>
     <span class='ocr_line' id='line_1_37' title="bbox 288 4065 1350 4138; baseline 0.002 -22"><span class='ocrx_word' id='word_1_344' title='bbox 288 4066 355 4138; x_wconf 79' lang='lat' dir='ltr'><strong>pient</strong></span> <span class='ocrx_word' id='word_1_345' title='bbox 370 4065 435 4135; x_wconf 82' lang='lat' dir='ltr'><strong>jecit.</strong></span> <span class='ocrx_word' id='word_1_346' title='bbox 446 4065 556 4119; x_wconf 84' lang='lat' dir='ltr'><strong>Martiel.</strong></span> <span class='ocrx_word' id='word_1_347' title='bbox 575 4065 618 4118; x_wconf 88' lang='lat' dir='ltr'><strong>lib.</strong></span> <span class='ocrx_word' id='word_1_348' title='bbox 632 4066 698 4127; x_wconf 84' lang='lat' dir='ltr'><strong>xtl,</strong></span> <span class='ocrx_word' id='word_1_349' title='bbox 718 4065 796 4138; x_wconf 79' lang='lat' dir='ltr'><strong>epigr.</strong></span> <span class='ocrx_word' id='word_1_350' title='bbox 846 4067 939 4120; x_wconf 83' lang='lat' dir='ltr'><strong>tuende</strong></span> <span class='ocrx_word' id='word_1_351' title='bbox 949 4105 956 4132; x_wconf 86' lang='lat'><strong>,</strong></span> <span class='ocrx_word' id='word_1_352' title='bbox 966 4081 995 4119; x_wconf 92' lang='lat' dir='ltr'><strong>ut</strong></span> <span class='ocrx_word' id='word_1_353' title='bbox 1007 4071 1088 4136; x_wconf 68' lang='grc' dir='ltr'>κράτος</span> <span class='ocrx_word' id='word_1_354' title='bbox 1101 4081 1125 4120; x_wconf 86' lang='lat' dir='ltr'><strong>ct</strong></span> <span class='ocrx_word' id='word_1_355' title='bbox 1134 4067 1350 4137; x_wconf 68' lang='lat' dir='ltr'><strong>prleppsotlrnsilti</strong></span> 
     </span>
     <span class='ocr_line' id='line_1_38' title="bbox 289 4145 1348 4220; baseline -0.001 -20"><span class='ocrx_word' id='word_1_356' title='bbox 289 4161 339 4200; x_wconf 69' lang='lat' dir='ltr'><strong>ut:</strong></span> <span class='ocrx_word' id='word_1_357' title='bbox 356 4170 368 4194; x_wconf 71' lang='grc' dir='ltr'>κ</span> <span class='ocrx_word' id='word_1_358' title='bbox 380 4146 509 4214; x_wconf 82' lang='lat' dir='ltr'><strong>Mentiris,</strong></span> <span class='ocrx_word' id='word_1_359' title='bbox 526 4147 619 4215; x_wconf 82' lang='lat' dir='ltr'><strong>credo,</strong></span> <span class='ocrx_word' id='word_1_360' title='bbox 632 4146 720 4200; x_wconf 77' lang='lat' dir='ltr'><strong>recites</strong></span> <span class='ocrx_word' id='word_1_361' title='bbox 731 4145 796 4200; x_wconf 82' lang='lat' dir='ltr'><strong>mals</strong></span> <span class='ocrx_word' id='word_1_362' title='bbox 847 4159 1013 4220; x_wconf 78' lang='lat' dir='ltr'><strong>opponentur.</strong></span> <span class='ocrx_word' id='word_1_363' title='bbox 1030 4147 1070 4200; x_wconf 80' lang='lat' dir='ltr'><strong>Cf.</strong></span> <span class='ocrx_word' id='word_1_364' title='bbox 1083 4149 1170 4201; x_wconf 83' lang='lat' dir='ltr'><strong>Horat.</strong></span> <span class='ocrx_word' id='word_1_365' title='bbox 1183 4147 1264 4201; x_wconf 81' lang='lat' dir='ltr'><strong>Serto.</strong></span> <span class='ocrx_word' id='word_1_366' title='bbox 1275 4147 1314 4216; x_wconf 85' lang='lat' dir='ltr'><strong>ll,</strong></span> <span class='ocrx_word' id='word_1_367' title='bbox 1324 4167 1348 4214; x_wconf 82' lang='lat'><strong>7,</strong></span> 
     </span>
    </p>
   </div>
   <div class='ocr_carea' id='block_1_5' title="bbox 0 0 1443 4940">
    <p class='ocr_par' dir='ltr' id='par_1_5' title="bbox 0 0 1443 4940">
     <span class='ocr_line' id='line_1_39' title="bbox 0 0 1443 4940; baseline 0 0"><span class='ocrx_word' id='word_1_368' title='bbox 0 0 1443 4940; x_wconf 95' lang='lat' dir='ltr'><strong> </strong></span> 
     </span>
    </p>
   </div>
  </div>
 </body>
</html>
