2952 4938
290 429 356 516 ets
624 428 694 496 nu
717 427 1030 500 resumens

249 567 265 624 3
289 560 389 628 eitius
404 558 441 624 in
459 559 667 628 mntrurium
684 557 862 644 residens,
881 562 978 654 eujus
994 559 1146 632 subinde
1160 583 1303 630 necesse
1321 575 1371 630 est

288 696 347 750 aut
364 681 549 772 poeniteat,
569 697 629 748 sut
645 681 786 774 pudent.
807 684 848 751 ln
862 707 933 776 que
950 684 1038 754 nibil
1056 701 1109 754 est
1124 685 1367 778 magnificum,

288 813 348 866 eut
360 795 452 888 quod
465 813 622 866 naturam
636 797 805 880 bominis,
818 795 886 866 diis
893 799 1039 891 proximi
1050 849 1060 882 ,
1076 800 1198 868 deoeet
1211 825 1220 869 ς
1237 824 1296 868 res
1309 800 1370 869 bn·

288 915 395 997 milis,
413 914 642 984 membrorum
656 916 808 1009 turpium
823 940 865 983 ae
875 915 994 986 vilium
1009 917 1200 986 ministerio
1211 920 1367 1008 veniens,

288 1031 382 1100 exitu
399 1031 486 1100 toda
497 1037 523 1098 ¹.
545 1033 614 1100 Isto
632 1048 684 1100 est
707 1032 863 1126 voluptas
879 1048 915 1100 et
930 1033 1071 1102 bomine
1088 1049 1123 1101 et
1140 1034 1217 1102 viro
1237 1030 1366 1126 digrss,

248 1155 265 1221 l
288 1171 357 1217 non
374 1149 517 1242 implere
534 1171 680 1242 corpus,
700 1173 766 1218 nee
783 1151 964 1243 saginare,
980 1175 1045 1220 nee
1062 1149 1272 1244 cupiditates
1289 1151 1369 1217 irri-

287 1279 380 1348 tare,
400 1287 546 1356 querum
565 1265 731 1334 tutissime
751 1281 802 1334 est
815 1267 914 1360 quies
930 1292 939 1334 τ
956 1266 1016 1336 sed
1030 1266 1293 1360 perturbatione
1305 1289 1367 1333 ee-

287 1403 383 1462 rere,
407 1394 442 1448 et
458 1404 498 1450 ee
516 1405 618 1474 quam
645 1382 823 1452 hominum
843 1385 934 1452 inter
952 1408 988 1454 se
1012 1385 1197 1453 rixantium
1220 1380 1367 1450 ambitus

286 1497 472 1582 ooncntit²,
495 1513 531 1567 et
548 1521 589 1568 eu
607 1523 685 1592 quae
703 1501 928 1572 intolerabilis
946 1525 988 1572 ex
1011 1501 1078 1572 alto
1101 1503 1219 1584 venit,
1240 1497 1305 1568 nbi
1325 1497 1365 1566 de

221 1649 223 1657 ·
287 1611 468 1682 diisfnmae
486 1613 655 1685 creditum
674 1632 743 1696 est,
763 1616 925 1709 vitiisque
941 1615 1019 1684 illos
1036 1615 1164 1684 nostris
1181 1613 1366 1682 aestimsri-
1459 1639 1460 1694 l

287 1751 373 1795 mus.
394 1730 491 1796 Hunc
506 1728 713 1822 voluptatem
731 1729 914 1822 (equalem,
939 1725 1166 1822 intrepidam,
1185 1748 1363 1818 nunquam

246 1853 262 1904 5
286 1865 460 1912 sensurum
483 1845 538 1912 sui
560 1843 718 1930 toedium,
746 1845 896 1938 percipit
919 1842 978 1914 hic
1003 1865 1105 1937 quem
1135 1841 1366 1910 deformamus

285 1955 554 2051 quummaxime³
570 1963 674 2054 :qui,
691 1975 730 2030 nt
744 1963 792 2030 its
806 1961 937 2046 diesm,
955 1959 1064 2030 divini
1074 1960 1166 2052 juris
1181 1973 1288 2051 atque
1301 1959 1366 2026 bu·
1459 2039 1460 2048 ἵ

285 2069 400 2144 mani⁴
414 2077 566 2169 peritus,
586 2075 812 2172 presentibus
829 2073 975 2171 gaudet,
994 2097 1037 2144 ex
1053 2075 1172 2143 futuro
1183 2099 1262 2142 non·
1276 2099 1362 2168 pen-
1459 2063 1460 2080 ¹

284 2190 367 2276 de13
392 2191 480 2262 nihil
505 2195 597 2262 enim
621 2194 712 2263 firmi
737 2192 858 2276 babet,
885 2193 946 2286 qui
967 2193 1005 2260 in
1021 2192 1153 2260 incerta
1171 2213 1365 2286 propensus

286 2299 373 2376 est⁵.
394 2309 532 2403 Magnis
547 2309 665 2402 itaque
683 2311 776 2380 curis
791 2323 985 2402 exemptus,
1012 2322 1048 2377 et
1068 2306 1367 2398 distorquentibus
1459 2317 1460 2326 ’

285 2435 453 2504 mentem,
467 2422 557 2490 nibil
566 2435 682 2516 speret
692 2472 702 2507 ‚
714 2423 895 2516 outeupit,
909 2445 974 2490 nec
986 2444 1023 2488 se
1037 2420 1140 2488 mittit
1153 2421 1191 2488 in
1204 2419 1361 2500 dubium,

286 2633 355 2688 vitiis
373 2633 544 2708 cujuscunque
566 2635 666 2708 generis
687 2646 796 2689 scatente
848 2629 946 2696 dediti,
964 2623 1037 2697 inti}
1056 2642 1085 2684 nt
1102 2641 1127 2684 et
1143 2632 1186 2684 isti
1204 2632 1257 2684 sint
1272 2631 1363 2686 ultores

284 2709 473 2785 Epicureisrnns
501 2731 631 2787 perperam
657 2711 797 2766 intellectus
846 2711 1011 2781 vindicesque
1026 2705 1136 2762 iulmine
1153 2710 1246 2763 ermeti
1258 2723 1282 2763 et
1297 2709 1363 2783 spnd

285 2789 376 2842 multis
387 2790 486 2844 aseclis
499 2789 633 2864 gendebet.
643 2790 729 2844 Verbo
741 2809 798 2844 mo·
846 2791 942 2844 inferos
953 2789 1029 2842 etism
1043 2801 1173 2859 temqnsns
1187 2800 1295 2840 tortores
1309 2787 1364 2840 eol·

285 2885 352 2932 neo,
375 2867 509 2939 respexisse
527 2867 609 2921 videri
627 2863 659 2918 sd
679 2867 797 2941 Xenopb.
846 2867 931 2922 locati.

285 2946 426 3000 Memorab.
437 2948 509 3000 Socr.
521 2949 559 3015 ll,
578 2965 600 3000 1.
879 2943 903 2996 3.
914 2943 970 2997 Hic
979 2963 1081 3014 quem„-
1089 2946 1305 3014 quummaxime.
1314 2943 1335 2996 I.
1342 2962 1364 2994 e,

322 3041 343 3074 r.
358 3021 447 3078 Exitu
457 3025 547 3098 soedo.
560 3024 618 3079 Sive
631 3025 724 3080 bumili
736 3040 759 3081 et
771 3039 799 3080 nt
848 3021 946 3097 sepiens
959 3022 1058 3075 stoicus.

285 3100 321 3154 ita
331 3101 422 3172 loquer
434 3104 558 3178 corporali
567 3124 641 3157 sensu
648 3125 702 3157 rem
713 3125 799 3179 sump·
882 3101 907 3166 ζ.
914 3099 1006 3152 Dwmr
1014 3101 1084 3166 puris
1092 3105 1172 3169 utque
1183 3098 1303 3150 bornuni.
1312 3099 1332 3149 l.
1342 3115 1363 3150 e.

287 3180 356 3232 seris.
373 3181 467 3245 (Mart.
481 3181 525 3234 lib.
537 3183 598 3248 xit,
613 3183 692 3257 epigr,
701 3201 800 3239 nnn:
850 3177 1024 3252 philosophie.
1038 3179 1137 3232 Divino
1150 3177 1219 3228 enim
1233 3176 1363 3229 continent

288 3281 302 3306 α
316 3257 392 3326 Quod
409 3259 470 3311 sciet
483 3259 570 3313 infelix
581 3261 708 3316 damnate
723 3283 802 3334 spon·
850 3257 978 3331 physicam
991 3269 1015 3308 et
1026 3255 1183 3328 theologiam
1198 3253 1362 3318 naturalem,

285 3333 327 3406 gie
338 3335 428 3408 virgte,
437 3335 485 3388 Vel
497 3337 651 3410 quicumque
663 3339 731 3392 ernis
746 3339 803 3412 jun·
852 3335 969 3387 humano
978 3333 1135 3388 dialecticem
1147 3345 1170 3385 et
1180 3331 1363 3386 moralemCl'.
1459 3405 1460 3408 Ἴ

285 3425 373 3484 utaque
382 3425 442 3466 testa
452 3413 502 3468 vite
513 3415 653 3468 Mullorum
666 3414 799 3490 leporum·
847 3413 950 3466 Ernesti
964 3413 1002 3466 Cl.
1016 3410 1364 3478 cic.Diotm1s.seitinque
1459 3409 1460 3440 ³

285 3507 333 3561 qne
348 3502 371 3541 et
383 3490 492 3543 suminis
504 3490 632 3545 exitosbie
645 3503 694 3558 est,
710 3493 800 3546 Sulsu·
846 3513 925 3564 quum
939 3507 994 3566 qnae
1008 3493 1040 3546 de
1056 3491 1152 3544 mundo
1169 3491 1270 3560 diisque
1285 3489 1364 3542 bomo

284 3585 392 3638 reusque
403 3565 665 3644 colorlcernilicesque
677 3569 799 3644 pedes»)
846 3591 997 3646 cognoscere
1014 3569 1108 3645 possit,
1128 3580 1153 3621 et
1170 3567 1306 3640 quomodo
1318 3567 1365 3619 Dii

317 3665 341 3694 2.
354 3645 392 3698 Et
402 3641 722 3710 eo.....oonrute't‚ercitat.
735 3650 798 3701 Du·
846 3649 966 3718 colendi,
987 3663 1042 3702 tum
1063 3647 1130 3702 nibil
1147 3649 1197 3700 nisi
1216 3660 1292 3720 turpe
1312 3667 1363 3699 esse
1459 3717 1460 3720 Ἴ

284 3723 375 3797 plicem
394 3725 607 3798 perturbationem
628 3725 670 3778 hic
690 3727 765 3795 lacit,
781 3748 797 3781 s
845 3729 1021 3795 malum‚nec
1032 3729 1130 3782 bonurn
1142 3725 1191 3780 nisi
1204 3725 1362 3790 honestum,
1459 3747 1460 3794 3

284 3817 349 3856 terre
361 3817 405 3857 ets
419 3805 490 3859 eaelo.
499 3803 581 3869 illem,
593 3825 649 3876 quse
657 3827 686 3858 er
696 3807 796 3880 opibus,
846 3807 954 3878 ideoque
963 3807 1026 3878 quid
1038 3807 1155 3859 homines
1167 3804 1272 3869 detest,
1287 3816 1362 3874 stqne

283 3882 441 3950 honoribus,
465 3903 550 3936 rerum
567 3883 734 3936 humanarum
758 3906 800 3958 spe
847 3884 909 3956 quid
921 3883 970 3936 sibi
979 3883 1085 3954 aliisque
1098 3883 1195 3937 debeat.

283 3972 403 4032 metuque
414 4001 421 4028 ,
431 3973 460 4013 ut
478 3960 554 4014 verbo
568 3960 665 4028 dicam,
679 3963 799 4033 proficis·
880 3965 904 4015 5.
919 3962 999 4016 Nihil
1012 3960 1164 4030 cnimfimri
1170 3961 1260 4022 babet,
1272 3961 1362 4026 psai-....

284 4033 349 4090 eitnr
369 4055 376 4090 ε
396 4039 487 4104 istam,
511 4059 568 4110 quse
588 4060 603 4091 s
623 4041 797 4114 superstitione
837 4033 988 4110 ’propensus
1001 4050 1047 4092 est.
1061 4038 1129 4090 Huic
1141 4036 1210 4090 enim
1220 4035 1288 4089 nibil
1301 4053 1363 4088 eer-

284 4114 363 4166 oritur
371 4127 476 4188 etprsve
486 4117 606 4191 opinione
614 4117 646 4170 de
654 4117 721 4185 Diis,
733 4138 797 4189 quos
844 4133 898 4172 turn
914 4139 966 4172 esse
984 4119 1104 4183 videtur,
1121 4138 1204 4190 neque
1227 4115 1279 4170 nlla
1299 4117 1364 4169 sni-

284 4189 333 4244 sibi
349 4191 442 4248 similes
460 4195 557 4249 iaciunt
576 4195 706 4264 homines,
729 4196 797 4250 vitiis
842 4197 878 4250 mi
894 4197 1014 4252 stebililss
1033 4209 1057 4252 et
1075 4196 1214 4252 ronstsntis
1234 4207 1291 4260 est,
1317 4195 1362 4247 eui
