2976 4950
396 511 496 581 tta.
523 513 613 598 111,
640 513 750 581 car.
775 513 827 580 11.
1079 511 1142 595 4.,

77 659 217 739 potest,
242 643 297 712 oni
320 656 427 712 totum
446 641 653 710 benefitium
670 639 822 734 elapsum
839 655 902 710 est.
922 643 964 707 Et
981 655 1096 706 utrum
1113 653 1151 706 tu
1174 647 1192 713 4

78 763 233 856 pejorem
250 783 371 844 vonas,
390 758 482 854 apud
499 783 601 852 quem
621 759 730 852 gratia
745 757 905 826 beneficii
929 761 937 792 ¹
952 755 1148 836 intercidit,

77 901 126 946 an
147 875 240 970 apud
262 899 363 968 quem
387 875 487 944 etiam
510 875 699 944 memoria?
719 875 840 942 Vitiosi
859 872 975 943 oeuli³
994 888 1074 942 sunt
1092 873 1153 964 qni

78 991 195 1061 lucem
212 987 434 1060 reformidant
453 1019 463 1078 3
481 991 584 1072 oeci,
604 989 750 1082 quinon
765 981 917 1058 videntl.
935 991 979 1056 Et
995 1002 1154 1081 parentes

80 1131 161 1176 suos
178 1130 248 1174 non
263 1129 402 1188 amare,
424 1105 580 1200 impietas
597 1118 649 1174 est
669 1129 677 1170 t
694 1126 763 1172 non
781 1123 987 1196 agnoscere,
1006 1103 1150 1172 insanie

80 1221 173 1314 Quis
193 1237 260 1290 tam
277 1222 432 1314 ingratus
450 1237 524 1302 eet,
551 1243 653 1312 φιτιιιι
672 1219 733 1310 qui
757 1216 850 1310 quod
874 1215 910 1285 iu
928 1219 1038 1312 prima
1056 1233 1153 1312 parte

81 1339 188 1406 animi
207 1337 354 1430 positum
373 1361 446 1405 esse
462 1334 606 1418 debuit,
625 1350 660 1404 et
676 1358 810 1428 semper
826 1359 1024 1418 occurrere,
1044 1337 1091 1404 ita
1104 1359 1155 1404 ae·

81 1455 198 1550 posuit
214 1470 250 1523 et
266 1453 415 1547 abjecit,
439 1469 478 1522 nt
499 1454 537 1522 in
558 1454 784 1548 ignorantiam
797 1446 997 1522 verteretli’
1012 1471 1155 1549 apparet

82 1573 182 1640 illum
208 1593 279 1640 non
306 1595 395 1666 saepe
423 1567 466 1639 de
498 1569 673 1640 reddendo
697 1557 888 1664 eogitaase,
921 1572 977 1638 oui
1004 1571 1156 1665 obrepsit

84 1687 226 1756 oblivio.

134 1804 179 1871 Π.
203 1801 362 1893 Denique
381 1800 427 1870 ad
443 1797 653 1871 reddendam
672 1802 828 1895 gratiam,
848 1817 882 1870 et
900 1796 1047 1870 virtute⁵
1071 1825 1156 1896 opus

85 1936 150 2002 est,
172 1933 207 1988 et
220 1933 385 2012 tempore,
406 1933 443 1986 et
460 1917 631 1997 facultate,
653 1932 689 1985 et
706 1915 902 2010 adspirante
920 1916 1068 1986 fortuna.
1085 1917 1157 2009 Qui
1244 1923 1253 1946 ·’

86 2035 267 2118 meminit,
295 2035 369 2103 sine
391 2031 565 2127 impendio
594 2048 710 2126 gratus
733 2027 823 2102 estl.
852 2037 950 2118 Hoc,
976 2032 1069 2127 quod
1088 2058 1158 2104 non

86 2150 350 2246 operam¹exigit
359 2197 372 2236 ,
386 2173 455 2218 non
472 2173 554 2243 opes
566 2198 577 2231 ,
591 2172 660 2216 non
680 2146 899 2234 felicitatem,
915 2151 976 2243 qui
992 2175 1062 2219 non
1075 2173 1159 2243 prte-

87 2281 181 2348 atat,
209 2264 342 2334 nullum
365 2263 470 2334 hahet
491 2289 560 2358 quo
584 2265 687 2333 lateat
709 2267 949 2358 patrocinium.
976 2268 1158 2360 Nunquam

87 2382 181 2450 enim
199 2381 307 2452 voluit
325 2397 441 2476 gratus
457 2403 554 2464 esse,
572 2382 633 2474 qni
648 2379 855 2451 beneficium
873 2397 941 2450 tam
960 2381 1061 2476 longe
1078 2403 1160 2475 pro-

83 2497 194 2592 jecit,
222 2514 261 2568 ut
282 2513 378 2568 extra
395 2510 612 2592 conspectum
631 2520 729 2566 suum
750 2513 905 2590 poneret.
927 2495 1158 2590 Quemadmo·
1182 2527 1197 2560 2

125 2722 306 2777 1.Interc1'd1't.
325 2721 421 2788 Periit,
441 2723 530 2788 tesam
549 2723 602 2796 jam
650 2717 719 2776 idem
735 2725 801 2778 foret
818 2743 848 2777 ee
866 2724 972 2798 gretiam
985 2741 1037 2778 nen
1048 2727 1160 2780 referre:

88 2817 144 2852 non
152 2811 197 2852 est.
211 2799 292 2855 Cicer.
299 2819 346 2874 pro
356 2799 500 2874 repllejot.
507 2819 561 2874 esp.
571 2796 601 2853 25
651 2801 720 2872 qnod
739 2801 821 2877 ipsum
841 2797 966 2857 Senecam
983 2823 1037 2856 non
1058 2815 1160 2857 notente

88 2877 160 2932 ltnnc
181 2865 288 2934 husie.
307 2878 412 2931 tiimetr.
437 2877 563 2932 emulcet·
588 2897 602 2930 e
652 2874 747 2934 mirum
760 2895 806 2937 est.

89 2954 181 3009 Graeco
191 2956 277 3010 neseio
289 2976 340 3028 quo
351 2971 358 3006 t
370 2955 503 3009 «Pereant
513 2953 602 3022 amiel,
683 2961 716 3012 ll.
733 2963 804 3014 Ana.
817 2961 965 3015 Meminisse
983 2982 1044 3016 vero
1057 2961 1108 3033 jem
1125 2975 1162 3016 est

90 3033 154 3087 dnm
165 3033 264 3088 inimici
275 3033 433 3088 intercidant.
443 3051 458 3079 ν
651 3037 761 3110 gratiam
778 3040 889 3102 referre;
905 3049 930 3092 et
943 3035 1162 3095 assidua'memo·

123 3133 149 3165 s.
165 3113 264 3169 Vitiosi
276 3115 351 3169 oculi.
368 3113 487 3168 Muretus
502 3109 603 3168 emend.
651 3113 688 3166 rit
702 3111 800 3168 cultum
811 3113 965 3170 beneficium
982 3117 1069 3190 aliquo
1082 3117 1160 3173 modo

89 3193 217 3246 luscitiost'
234 3193 327 3256 ouili,
353 3197 463 3263 eumque
484 3205 605 3264 sequutus
650 3187 774 3247 redditur.

91 3279 128 3323 est
143 3269 276 3324 Gruterus.
286 3269 324 3322 At
338 3281 437 3342 recepta
447 3269 515 3324 bona
529 3269 603 3324 lectio
683 3265 707 3324 5.
718 3269 829 3324 Vircao
845 3269 904 3325 lton
917 3292 992 3326 sensu
1002 3273 1082 3329 stoico
1092 3275 1162 3330 emi-

92 3361 138 3401 m,
650 3343 1159 3426 nentiore‚qunestvirtusratioperl'eeta,

125 3425 151 3480 3.
168 3423 310 3481 Vitiosi...
328 3425 427 3478 vident.
441 3423 603 3499 Comparatio
654 3423 709 3480 cie.
721 3425 800 3482 seed.
809 3427 861 3498 Qu.
872 3427 900 3493 l,
916 3447 962 3490 tot
976 3431 1161 3486 eedvoluntate

91 3504 185 3559 similis
194 3521 231 3559 est
244 3501 374 3557 Plutarchi
386 3501 417 3555 de
426 3499 514 3556 Atheis
522 3515 547 3555 et
555 3501 604 3556 Su-
651 3503 718 3556 bona
730 3515 754 3556 et
762 3501 805 3558 illa
814 3503 989 3578 persuasione,
1000 3529 1053 3562 esse
1064 3507 1161 3563 benefi-

91 3581 256 3658 perstitiosis,
272 3593 352 3653 quum
371 3577 429 3634 illos
443 3579 525 3646 nihil,
543 3583 603 3636 istos
652 3580 720 3634 tium
731 3581 877 3653 accipientis
888 3585 1032 3638 meminisse
1043 3601 1161 3662 accepto-

91 3682 169 3738 prave
179 3661 324 3716 videntibus
332 3659 453 3715 assimilet
462 3673 486 3714 et
496 3661 555 3716 ideo
565 3661 605 3716 il-
652 3679 723 3726 mm,
736 3669 761 3712 et
776 3661 884 3733 gretiam
894 3663 1000 3732 referre,
1012 3665 1033 3717 si
1047 3665 1159 3730 occasio,

92 3741 131 3794 los
141 3739 227 3817 palem
239 3738 374 3794 deteriores
386 3751 457 3814 putet
467 3759 528 3794 esse.
536 3741 604 3816 Lip-
653 3757 712 3811 opes
722 3737 857 3810 viresque,
870 3751 916 3793 ete.
930 3741 1015 3794 adsint
1025 3739 1160 3816 adspirent·

91 3815 189 3872 eiusad
205 3815 335 3872 Plutarch.
355 3817 388 3870 de
403 3815 567 3892 superstite.
578 3819 603 3874 ὃ.
651 3837 713 3887 que.

92 3916 118 3969 p.
127 3895 171 3960 tt,
178 3895 228 3949 To.
239 3895 311 3962 Vlll,
317 3893 385 3970 Opp.
393 3895 464 3949 llntt.
471 3894 604 3972 respexisse
684 3895 709 3949 ii.
719 3892 784 3949 Sine
794 3899 925 3966 impendio
933 3907 1028 3968 putus
1036 3910 1082 3952 est.
1095 3897 1160 3951 Sen-

92 3971 206 4026 videtnr.
652 3993 693 4026 sos
715 3987 751 4026 est
772 3991 779 4027 t
798 3973 913 4028 Gratiam
934 3975 1029 4051 accepti
1050 3977 1161 4030 muneris

127 4051 153 4115 6.
165 4050 236 4122 Quis
248 4060 305 4103 lam
315 4053 433 4122 ingratus
444 4061 517 4104 est...
525 4063 606 4106 aterte·
652 4049 754 4120 reddit,
769 4052 835 4106 nihil
848 4051 881 4107 de
893 4075 938 4107 sno
949 4075 1034 4129 penu,
1054 4054 1161 4129 opibus,

93 4127 155 4181 ret?
166 4127 246 4195 Quod
256 4127 290 4180 ita
299 4146 389 4180 verum
399 4139 434 4182 est
442 4141 471 4181 nt
478 4129 545 4203 apud
552 4129 604 4183 Βο-
652 4152 680 4184 sn
699 4129 823 4196 ellectile,
840 4145 889 4186 tem
908 4154 966 4197 ore,
977 4133 1159 4208 voluptatibus,

93 4225 185 4260 manos
200 4210 339 4260 immemor
354 4227 419 4285 stepe
442 4207 510 4261 idem
532 4219 605 4260 sonet
653 4229 668 4261 ο
690 4205 837 4277 odernens3
847 4209 892 4263 nul
904 4229 945 4263 am
954 4231 1053 4286 prorsus
1065 4213 1163 4286 impen-

95 4305 155 4338 sum
164 4287 300 4355 tingentes,
312 4286 385 4356 quati
394 4305 448 4342 non
460 4286 603 4340 meminisse
653 4304 707 4338 sam
716 4285 819 4341 faciens.
