2978 4942
447 443 542 514 mn.
568 442 646 532 tv,
673 445 783 514 cnr.
810 443 902 514 x11.
1141 443 1209 548 lto

126 595 206 644 mus
223 589 259 642 et
280 575 491 646 instruimus.
517 574 672 646 Discedit
698 574 777 664 ille,
803 577 963 650 visuris
987 591 1067 650 noto
1090 579 1208 654 salutis

126 707 288 775 auctore,
305 707 339 760 et
351 715 526 784 nunqnam
540 690 688 785 amplius
706 693 744 760 in
757 709 974 788 conspectum
989 710 1142 766 nostrum
1155 695 1211 766 re-'

126 833 292 881 versurus
303 859 313 893 ,
326 808 499 880 debitores
511 809 610 882 uobis
623 808 706 880 deos
722 789 862 904 'delegat
873 821 898 892 ¹,
914 826 1144 905 precaturque
1157 813 1207 884 illi

126 955 246 1026 prose
265 933 408 1026 glutiam
428 931 581 1002 referant
599 959 607 1000 ε
628 933 766 1003 interim
778 957 841 1004 nos
850 933 950 1027 juvat
962 935 1089 1008 sterilis
1102 935 1208 1008 bene·

128 1049 204 1120 ficii
213 1049 432 1122 couscientia.
445 1049 542 1142 Quid
550 1073 656 1142 quum
668 1051 705 1120 in
715 1051 789 1144 ipso
799 1051 879 1124 viler
889 1050 959 1124 fine
972 1053 1203 1137 constitimus,
1233 1051 1248 1102 ³

127 1187 237 1256 quum
253 1177 490 1236 testamenmm
505 1163 720 1248 ordinamus,
737 1187 808 1238 uon
820 1164 989 1238 beneficia
1003 1166 1105 1238 nobis
1118 1169 1206 1240 nihil

125 1276 309 1369 profutura
333 1275 554 1348 dividimus?
577 1294 743 1371 quantum
768 1279 934 1372 temporie
965 1281 1201 1369 consumitur,

127 1393 295 1487 quamdiu
309 1413 439 1468 secreto
457 1398 573 1490 agitur
586 1411 753 1488 quantum
768 1412 802 1464 et
813 1396 940 1488 quibus
949 1397 1068 1470 demus
1080 1401 1095 1472 P
1109 1399 1206 1492 Quid

126 1513 223 1582 enim
241 1512 403 1594 interest,
422 1514 548 1607 quibus
566 1512 706 1596 demus,
726 1537 749 1582 a
767 1513 864 1584 nullo
884 1516 1083 1608 recepturi?
1100 1516 1205 1610 Atqui

125 1655 305 1724 uunquam
314 1629 515 1726 diligentius
524 1631 657 1714 damus,
674 1655 850 1724 nunquam
864 1632 972 1726 magis
979 1631 1112 1726 judicia
1124 1659 1205 1704 nos-

126 1763 183 1818 tm
197 1753 429 1840 torquemns²,
439 1773 541 1842 quam
552 1748 612 1820 ubi
622 1748 762 1820 remotis
771 1747 989 1834 utilitatibus,
1004 1749 1114 1822 solum
1126 1767 1205 1823 ente

125 1863 246 1936 oculos
260 1865 441 1936 honestum
456 1867 550 1936 stetit
568 1893 576 1936 s
593 1865 723 1940 tamdiu
738 1865 930 1938 officiorum
945 1867 1025 1940 mali
1037 1864 1173 1960 judices
1193 1919 1201 1947 ,
1231 1867 1247 1932 l
1322 1867 1325 1873 '

125 1979 296 2073 quamdiu
319 1979 379 2050 illa
398 1981 560 2075 deprurnt
578 2003 656 2074 spes
676 1995 869 2063 cometus,
898 2005 939 2054 ac
959 1982 1204 2056 inertissimum

124 2088 287 2178 vitium³,
309 2095 477 2189 voluptas.
498 2095 566 2168 Ubi
585 2118 676 2166 mors
688 2094 883 2166 interclusit
895 2097 1029 2178 omnia,
1045 2110 1081 2166 et
1094 2095 1139 2168 ad
1153 2097 1205 2166 ie-

124 2213 271 2284 rendam
279 2213 482 2282 sententiam
493 2214 728 2305 incorruptum
735 2211 887 2303 judicem
899 2213 1004 2295 misit,
1022 2213 1207 2304 querimus

124 2331 367 2424 dignissimos,
395 2329 521 2424 quibus
545 2345 660 2400 nostra
684 2323 878 2400 tradamus‘
903 2355 911 2396 :
933 2328 1205 2422 necquidquam

125 2472 211 2518 cure
227 2449 397 2532 unctiore
407 2449 661 2539 componimus,
679 2469 782 2538 quum
797 2443 890 2537 quod
904 2447 949 2516 ed
964 2471 1025 2518 uos
1042 2469 1111 2520 nou
1125 2469 1207 2537 por-

126 2568 230 2634 tinet.

178 2685 257 2751 XII.
274 2687 317 2752 Et
327 2681 524 2752 mehercule
539 2656 620 2750 tunc
637 2703 761 2774 magna
777 2679 931 2772 voluptas
943 2678 1034 2746 subit
1049 2680 1204 2771 cogitan-

163 2947 187 2981 ι.
200 2927 381 2980 Debitorem..
391 2927 500 2994 delegat.
510 2923 641 2994 Frequens
691 2923 1112 2977 leviuuetinconsrsnriahnmana
1120 2943 1203 2980 serm

125 3005 192 3080 juris
207 3004 328 3065 verbnm,
351 3015 375 3056 et
390 3001 528 3076 signifieat,
548 3021 594 3076 pro
615 3021 641 3054 se
692 3013 728 3054 est
740 3021 749 3066 ς
762 3001 880 3074 quocirca
903 3006 1092 3058 inertissimum
1113 3001 1203 3056 melius

125 3085 254 3138 vinnium
265 3084 333 3151 dere,
342 3081 387 3155 qni
394 3083 484 3136 solvet.
495 3081 563 3135 Vide
576 3083 641 3134 inire
691 3077 769 3152 longo
778 3099 804 3132 se
815 3077 899 3134 hebet.

128 3165 243 3236 Vll,tq,
255 3185 279 3216 s.
290 3163 368 3236 Epist.
377 3177 458 3226 mn,
469 3183 498 3230 ²7
508 3173 531 3213 et
542 3158 633 3233 passius
724 3159 748 3222 ti.
771 3157 828 3214 Ubi
851 3161 1147 3212 mors........tradamur.
1175 3157 1206 3210 Si

127 3243 187 3296 Boe
203 3243 271 3296 istud
283 3240 451 3316 Symmachus
468 3240 580 3292 imitetur
596 3238 642 3292 llis.
691 3249 772 3289 morte
779 3237 997 3314 appropinquante
1007 3235 1137 3292 silentibus
1146 3257 1205 3312 pur·

128 3319 177 3373 Vl.
196 3323 254 3394 Ago
270 3321 376 3393 gratiss,
403 3331 519 3371 etmesm
536 3319 639 3379 vicem,
691 3314 1205 3388 gemnr,quaerimnstanuempraetores

128 3403 367 3474 qniesolvendopsr
376 3397 642 3467 uonsnm,raelestibns
691 3407 734 3450 sut
742 3394 889 3466 quesitores
901 3394 928 3446 in
941 3405 1057 3446 nostrum
1069 3394 1154 3446 locum
1168 3405 1205 3446 ts-

128 3481 221 3554 delego
233 3479 375 3536 virtutibus.
388 3477 461 3550 lips.
691 3473 746 3538 les,
763 3471 872 3544 quibus,
890 3485 935 3525 etc.
954 3471 1061 3525 Mittere
1071 3483 1153 3524 sutem
1168 3483 1204 3526 est

164 3560 298 3614 sladum
308 3569 400 3610 nostra
411 3553 607 3626 torquemusdl.
620 3573 641 3605 e.
690 3551 796 3604 verbum
805 3549 923 3624 judiciale
935 3563 960 3604 et
968 3548 1097 3606 comitiale
1109 3549 1141 3603 de
1153 3549 1201 3611 iis,

127 3637 180 3691 lunc
190 3637 252 3692 illue
264 3650 375 3689 mentem
387 3649 411 3687 et
421 3635 569 3688 llurtuentes
579 3631 641 3686 nul·
692 3630 736 3702 qni
746 3649 761 3682 a
770 3629 904 3700 quesitore
913 3665 921 3691 ,
929 3641 973 3682 sut
981 3649 1027 3696 eo,
1038 3628 1083 3698 qni
1095 3628 1203 3680 comitiis

128 3735 186 3770 mos
195 3713 490 3789 versemus,1slurimum
500 3709 610 3763 solliciti.
690 3719 779 3781 praeest
790 3744 796 3770 ‚
816 3706 998 3779 {diudicium
1011 3706 1041 3759 sd
1054 3705 1203 3759 sententiam

157 3795 396 3854 ,3.1nerlr'ssimum
412 3791 517 3844 vitium.
530 3785 641 3863 Egregie
691 3784 923 3849 lenendem‚sutin
932 3784 1055 3858 sull‘rsg'ss
1066 3784 1203 3856 cliguntur.

128 3875 180 3928 lior
191 3873 289 3927 reduxit
297 3871 399 3924 Gruter.
409 3887 438 3920 ex
450 3887 495 3920 ors
503 3865 642 3918 Erasmires
693 3863 800 3916 Confert
815 3863 870 3916 lsaee
888 3863 1062 3916 llemsterhus.
1079 3881 1138 3914 curn
1153 3862 1204 3914 Lu-

129 3953 190 4007 edit
202 3965 227 4005 et
237 3947 457 4024 snisflpslnscndd.
466 3985 473 4012 ‚
483 3963 561 4016 quum
571 3955 643 3997 entes
694 3941 760 3995 elan.
773 3942 801 3993 in
813 3941 916 4016 Nigrim
928 3961 949 3993 c.
962 3940 994 3994 30
1005 3939 1053 3991 'l'o
1064 3938 1090 4000 l,
1105 3937 1153 4002 278
1166 3957 1203 4012 sq.

102 4063 105 4066 ·
130 4023 645 4095 ederetur:lincerlr'ssr'mumuitiumquod
730 4021 788 4073 xll.
807 4023 877 4076 Atto.
896 4017 1013 4091 Objertio
1032 4015 1099 4078 slis,
1112 4035 1202 4088 nempe

129 4127 218 4166 tamen
230 4130 314 4182 neque
324 4105 452 4162 intellectu
464 4101 644 4156 difficillimum
696 4095 850 4150 beneficium
860 4116 912 4150 esse
923 4097 1048 4150 creditum
1059 4094 1205 4156 insolubiles

131 4205 155 4244 et
167 4191 199 4244 ad
211 4207 311 4243 sensum
323 4185 428 4239 valebat.
437 4183 486 4236 Sed
495 4181 545 4251 jorn
554 4201 607 4232 non
617 4180 648 4230 de
699 4197 773 4252 porro
782 4175 904 4229 creditum
909 4175 995 4226 unuin
1002 4194 1027 4226 se
1034 4173 1209 4246 expetendum.
