2990 4942
308 538 368 581 roo
577 513 1094 586 DECONSOLATIONE

301 660 375 712 tuos
390 667 525 735 semper
538 645 710 734 aequitum
723 645 758 710 in
776 665 848 712 mea
864 661 974 714 tamen
988 670 1144 738 persona,
1157 671 1224 714 non
1239 663 1369 715 tantum
1396 629 1398 636 ,

215 755 217 765 ’
301 785 362 855 pro
381 777 433 841 te,
448 758 540 827 dolet
553 764 576 826 ¹.
591 759 687 827 Illius
707 759 933 828 manibus²in
957 751 1076 830 urbem
1098 762 1248 854 perlatus
1270 788 1366 830 aum:

301 877 391 946 illius
404 878 462 970 pio
477 891 695 968 maternoque
710 869 880 944 nutricio³
896 902 958 970 per
973 880 1111 970 longum
1131 895 1263 973 tempus
1275 905 1369 973 sager

299 991 454 1058 convalui
473 1017 480 1056 :
497 989 553 1057 illa
572 1015 634 1083 pro
647 1006 817 1082 quaestura
833 1015 905 1058 mea
921 994 1064 1084 gratiam
1078 1017 1172 1060 suam
1186 993 1338 1060 extendit
1358 1021 1365 1057 :

298 1123 332 1175 et
344 1131 420 1200 qum
433 1132 476 1176 ne
486 1109 649 1176 sermonis
659 1107 817 1200 quidem,
831 1126 889 1176 ant
899 1110 997 1177 clarae
1011 1107 1247 1180 salutationis⁴
1261 1113 1366 1179 susti-

245 1255 248 1262 ’
296 1225 372 1292 nuit
389 1224 587 1309 audaciam,
613 1250 677 1318 pro
703 1249 755 1293 mc
774 1226 855 1294 vicit
874 1225 1089 1319 indulgentia
1108 1225 1360 1296 verecundiam.

257 1365 272 1397 ²
296 1348 391 1416 Nihil
405 1347 455 1416 illi
469 1347 645 1415 seductum
657 1348 733 1414 vitae
748 1371 876 1441 genus,
893 1348 981 1416 nihil
996 1347 1159 1418 modestia
1170 1343 1200 1431 ⁵,
1224 1353 1259 1418 iu
1272 1368 1365 1420 tanta

226 1533 229 1544 .
297 1473 498 1540 feminarum
512 1471 699 1564 petulantia
711 1522 721 1552 ,
735 1473 860 1538 rustica
869 1467 896 1554 ⁶,
913 1472 1000 1539 nihil
1013 1473 1110 1563 quies
1118 1523 1129 1556 ,
1142 1473 1229 1540 nihil
1242 1477 1365 1542 secreti

296 1600 330 1654 et
342 1584 387 1654 ad
400 1587 504 1652 otium
518 1586 658 1678 repositi
674 1607 785 1652 mores
798 1584 1021 1666 obstiterunt,
1033 1612 1101 1678 quo
1112 1588 1223 1654 minus
1234 1611 1297 1680 pro
1311 1611 1365 1656 me

297 1704 400 1771 etiam
421 1701 597 1769 ambitiosa
622 1701 730 1768 lieret.
755 1704 835 1768 Haec
851 1718 920 1782 est,
940 1718 1046 1770 mater
1059 1703 1253 1784 carissima,
1273 1705 1363 1772 sola-

296 1821 398 1902 tium,
415 1842 483 1910 quo
502 1818 693 1884 reficiaris:
713 1816 762 1884 illi
779 1834 941 1910 quantum
959 1835 1054 1911 potes
1073 1836 1106 1886 te
1121 1821 1252 1913 junge,
1273 1821 1366 1887 illius

294 1937 490 2004 arctissimis
505 1933 715 2028 amplexibus
727 1933 830 2028 alliga
844 1939 869 2000 ⁷.
890 1933 1004 2002 Solent
1018 1951 1210 2016 moerentes,
1228 1961 1269 2004 ca
1288 1961 1365 2029 quae

295 2051 436 2120 maxime
447 2050 607 2143 diligam,
617 2051 749 2144 fugere,
759 2065 793 2116 et
803 2050 992 2118 libertatem
1001 2050 1110 2119 dolori
1122 2075 1182 2119 suo
1193 2075 1361 2144 qnaerere:

295 2183 330 2236 tu
348 2170 392 2236 ad
404 2168 495 2237 illam
511 2184 562 2250 te,
579 2183 614 2235 et
627 2165 797 2260 quidquid
810 2165 1031 2259 cogitaveris,
1049 2167 1185 2250 confer,
1202 2168 1272 2235 sive
1289 2191 1362 2234 ser-

294 2309 375 2354 vare
393 2278 575 2354 habitum⁸
596 2286 696 2351 istum
717 2282 828 2364 voles,
853 2283 923 2350 sive
942 2280 1133 2375 deponere,
1156 2283 1249 2376 apud
1268 2283 1361 2350 illam

252 2415 268 2468 ³
295 2411 447 2478 invenies
463 2409 517 2476 vel
531 2408 632 2474 linem
646 2410 658 2452 ⁹
674 2403 782 2472 dolori
799 2421 878 2486 tuo,
900 2406 953 2472 vel
969 2408 1137 2473 comitem.
1156 2405 1221 2474 Sed
1236 2408 1264 2474 si
1278 2431 1362 2500 pru-

295 2527 444 2624 dentiam
458 2525 710 2619 perfectissimae
728 2522 859 2588 lerninae
874 2523 950 2588 novi
961 2572 969 2602 ‚
982 2547 1051 2589 non
1066 2524 1214 2614 patiemr
1225 2539 1258 2590 tc
1272 2523 1361 2591 nihil

296 2790 382 2863 priscis
401 2787 472 2841 libris
489 2787 573 2850 abest,
587 2799 688 2838 notante
705 2785 797 2858 Lipsio.
853 2785 945 2856 phthisi
954 2786 1077 2850 laborare,
1090 2807 1172 2858 neque
1182 2787 1268 2859 procul
1275 2789 1363 2840 abesse

295 2866 341 2934 qui
355 2863 400 2938 prs
409 2865 526 2919 emendat
538 2885 544 2916 :
555 2865 583 2916 in
596 2863 673 2928 hujus
688 2867 803 2932 primum
853 2876 968 2916 amorre.

295 2964 339 2997 one
349 2949 460 3013 spirasti
471 2962 478 2996 ς
491 2944 507 2994 i:
519 2964 539 2993 e.
551 2943 578 2995 in
588 2943 705 3015 adspectu
718 2943 769 3012 cius
781 2953 806 2992 et
887 2946 910 3009 4.
919 2943 1104 2997 Salutatinnis.
1115 2946 1181 3014 Qut
1190 2965 1221 2996 ne
1230 2963 1300 3018 passa
1308 2943 1364 3014 qui-

297 3022 385 3075 oculis.
508 3017 511 3024 ’
854 3020 912 3072 dem
925 3034 977 3086 est,
989 3033 1018 3072 ut
1029 3021 1128 3074 adirent
1140 3042 1166 3073 sc
1180 3021 1293 3075 nobilem
1307 3039 1364 3070 ma·

333 3121 353 3154 t.
363 3101 452 3155 Dolet.
461 3099 596 3160 nolestiis,
606 3119 657 3152 nou
665 3120 695 3152 co
707 3112 802 3151 tantum
853 3112 951 3150 tronam
967 3111 991 3150 et
1003 3099 1138 3152 salutarent
1150 3098 1254 3152 honoris
1266 3097 1362 3170 gratia:

194 3178 199 3188 '
295 3179 399 3232 nomine
411 3179 481 3251 quod
492 3178 577 3231 doleas
590 3215 596 3240 ,
611 3179 652 3230 sed
671 3176 739 3247 quod
756 3197 802 3248 ego
853 3197 882 3229 ea
894 3197 954 3229 vero
967 3216 974 3240 ,
990 3177 1091 3229 Senecae
1112 3196 1200 3240 causa,
1212 3175 1265 3228 hac
1274 3172 1362 3227 officia

296 3257 379 3312 doleo.
852 3254 962 3326 prestari
980 3251 1030 3305 sibi
1049 3254 1188 3320 concessit,
1202 3252 1265 3324 quin
1284 3251 1361 3304 etiarn

330 3359 352 3390 a.
362 3337 443 3389 Illius
455 3335 586 3388 monibus.
599 3331 725 3385 Corduba
737 3333 802 3384 circa
852 3331 906 3384 aliis
925 3330 1035 3404 praestitit
1047 3329 1150 3393 ,studio
1164 3328 1277 3403 nepotis,
1291 3343 1317 3380 ct
1330 3349 1360 3380 co

286 3435 356 3474 pann.
368 3417 415 3482 755
427 3427 499 3465 natus
511 3424 581 3475 erat,
599 3423 624 3462 et
639 3409 738 3482 juvenis
751 3409 802 3461 Ro-
851 3407 972 3468 consilio,
992 3419 1020 3460 ul
1038 3406 1086 3459 hac
1098 3408 1252 3468 sorbitione,
1267 3408 1362 3459 Noster

294 3513 363 3546 msm
373 3492 404 3551 ab
413 3512 440 3543 ca
451 3505 568 3554 vocatus,
582 3504 610 3542 ut
631 3488 666 3541 ihi
686 3488 802 3540 institue·
851 3497 973 3556 quaestnra
983 3483 1113 3556 potiretur.

294 3587 371 3628 retur.
884 3564 907 3618 5.
928 3560 1067 3612 Modestia.
1088 3561 1196 3622 Pudor,
1214 3559 1359 3625 timiditas,

327 3650 479 3704 &Numan
489 3645 634 3706 Nutricatu,
647 3663 733 3695 curant
748 3643 800 3715 egit
854 3639 922 3691 Gall.
933 3641 1037 3692 re'seroe.

293 3729 344 3782 mei
365 3727 516 3801 egrotantis.
539 3721 691 3775 valetudiue
714 3733 798 3772 sutem
883 3717 907 3768 6.
921 3715 1045 3782 Rustica,
1063 3716 1080 3767 i.
1101 3733 1192 3786 nque
1209 3714 1359 3786 inelegans,

294 3811 414 3862 Nostrum
421 3806 505 3857 minus
512 3799 646 3856 commoda
654 3819 726 3851 nsum
736 3817 798 3863 esse,
851 3816 933 3870 aspera
946 3834 953 3861 ,
966 3795 1055 3848 rustica
1068 3796 1171 3848 dicitur.

294 3908 321 3939 ss
332 3885 416 3938 Diona
426 3902 526 3954 quoque
535 3880 601 3932 Cass.
613 3877 655 3929 lib.
671 3878 737 3940 htx,
746 3896 798 3948 cap.
884 3895 906 3937 7.
917 3875 1016 3944 Attip.
1026 3867 1112 3926 Prole
1122 3876 1224 3942 attha,
1237 3871 1360 3941 alligata.

297 3982 336 4032 19,
349 3959 392 4013 lin.
405 3959 437 4011 ad
447 3979 506 4011 ann.
522 3977 577 4026 792,
591 3964 747 4028 perspectum
758 3952 800 4003 hs·
881 3955 905 4006 8.
920 3953 1060 4005 Habitum.
1072 3951 1155 4004 lntsll.
1170 3950 1316 4023 lugubrem,
1326 3953 1359 4003 oh

292 4036 393 4101 bemus,
410 4037 454 4089 ubi
466 4035 585 4108 Caligula
604 4033 706 4084 Senecae
720 4031 801 4083 iuleu-
851 4029 898 4082 lilii
909 4029 1032 4084 exsilium.

292 4112 799 4188 susducisumpaenejussisscnarratur,
882 4129 905 4180 9.
926 4107 1027 4160 Pincia.
1053 4107 1112 4160 Non
1143 4121 1239 4160 tanturn
1264 4107 1359 4160 limites

293 4195 340 4249 nisi
352 4214 402 4247 una
413 4213 426 4245 a
436 4191 560 4264 Caligulae
572 4188 718 4244 concubinis
728 4207 802 4239 aver-
850 4207 912 4258 quos
919 4187 1001 4240 dolori
1008 4187 1087 4238 nimio
1096 4186 1223 4260 impositos
1233 4186 1304 4246 velit,
1312 4186 1357 4240 scd

291 4275 359 4327 iisset
383 4270 542 4348 periculum,
561 4267 692 4321 hominem
713 4267 799 4318 dicens
851 4266 952 4317 exitum.
