2884 4958
291 434 355 520 450
620 435 689 502 DE
714 433 1032 508 BENEFICIIS

290 565 420 644 ficium,
435 563 538 632 vitam
552 563 601 631 sio
614 564 697 632 dare
709 567 724 634 ?
736 568 965 660 exposuisses¹
982 595 989 634 :
1003 591 1126 662 nempe
1138 567 1282 662 injurie¹
1296 583 1365 636 eret

249 725 264 756 2
291 681 460 773 genuisse.
475 679 560 772 Quo
571 679 708 772 quidem
724 682 847 776 colligo
858 685 1035 752 minimum
1049 707 1123 752 esse
1137 684 1360 764 beneficium,

289 799 396 891 patris
415 800 599 890 matrisque
625 800 863 883 concubitum,
886 801 952 870 nisi
971 803 1177 871 accesserint
1204 797 1274 870 alis
1292 825 1364 894 qne

288 930 580 1008 prosequerentur
598 916 663 984 boo
679 917 815 984 initium
830 919 1002 1000 muueris,
1023 933 1058 986 et
1076 918 1152 984 eliis
1172 917 1299 985 officiis
1316 941 1363 984 m·

288 1048 360 1102 tum
378 1032 539 1101 facerent.
566 1033 642 1100 Non
660 1049 710 1100 est
727 1033 854 1100 bonum
872 1035 988 1102 vivere
1011 1085 1020 1114 ‚
1045 1033 1105 1102 sed
1125 1034 1215 1102 bene
1233 1035 1359 1101 vivere.

287 1147 333 1216 At
352 1149 441 1218 bene
461 1151 537 1218 vivo
561 1175 569 1214 :
590 1148 651 1217 sed
675 1151 771 1243 potui
795 1166 829 1216 et
847 1149 932 1218 maie
961 1176 968 1216 :
991 1151 1038 1218 its
1064 1151 1130 1218 boc
1156 1167 1291 1218 tantum
1314 1167 1362 1218 est

245 1287 261 1340 3
288 1281 405 1347 tuum,
424 1265 517 1358 quod
528 1269 618 1334 vivo.
635 1266 671 1336 si
686 1268 789 1334 ritum
804 1268 949 1359 imputas
963 1266 1049 1334 mibi
1063 1289 1199 1360 perse,
1214 1267 1359 1347 nudem,

286 1397 444 1474 egentem
460 1382 615 1466 consilii,
632 1398 666 1449 et
683 1381 719 1448 id
734 1399 773 1449 ut
790 1402 950 1477 magnum
966 1383 1091 1452 bonum
1104 1383 1232 1476 jactas,
1257 1385 1363 1475 cogite

284 1514 317 1568 te
334 1499 421 1567 mibi·
432 1500 598 1591 imputare
611 1523 800 1568 muscarum
812 1523 853 1568 sc
867 1501 1032 1568 vermium
1051 1501 1190 1568 bonum.
1214 1500 1359 1577 Deinde,

283 1629 323 1682 ut
343 1613 430 1684 nibil
454 1615 547 1683 aliud
572 1615 703 1698 dicam,
723 1641 825 1709 quem
845 1617 946 1684 bonis
967 1617 1099 1684 artibus
1122 1641 1176 1682 me
1195 1613 1362 1682 studuisse

283 1746 323 1802 ut
340 1756 477 1801 cursum
495 1732 540 1800 ad
555 1749 685 1801 rectum
704 1735 770 1801 iter
789 1736 866 1802 vitre
883 1732 1068 1828 dirigerem
1088 1761 1095 1799 :
1115 1736 1150 1800 in
1168 1735 1248 1827 ipso
1263 1731 1364 1800 bene·

283 1852 361 1920 ficio
375 1868 456 1934 tuo,
473 1853 580 1945 majus
594 1873 696 1944 quem
710 1853 802 1945 quod
817 1853 981 1936 dederes,
1007 1853 1177 1944 recepisti.
1199 1855 1257 1919 Tu
1273 1853 1361 1918 enirn

283 1991 337 2034 me
353 1969 437 2036 mibi
455 1967 573 2036 rudem
593 1985 627 2036 et
647 1971 844 2061 imperitum
861 1967 985 2036 dedisti
1015 1995 1021 2032 :
1050 1991 1114 2060 ego
1139 1967 1202 2034 tibi
1227 1968 1359 2050 filium,

247 2165 249 2170 ,
283 2084 418 2175 qualem
434 2085 592 2177 genuisse
610 2077 789 2177 gauderes.

198 2199 202 2208 ’
333 2202 484 2270 XXXII.
500 2199 596 2268 Aluit
613 2222 667 2268 me
680 2218 792 2294 poter.
810 2203 845 2270 si
859 2200 949 2268 idem
967 2215 1113 2296 praesto‚
1130 2202 1210 2294 pius
1225 2203 1358 2270 reddo:

285 2317 366 2408 quia
383 2340 452 2383 non
466 2331 596 2384 tuntum
619 2316 664 2383 ali
682 2335 718 2384 se
736 2367 744 2397 ,
763 2314 823 2384 sed
840 2340 861 2384 s
879 2317 950 2384 filio
970 2318 1014 2385 ati
1033 2316 1181 2412 gaudet,
1204 2333 1239 2386 et
1256 2320 1362 2410 majo·

285 2455 359 2499 rem
377 2431 548 2498 exanimo
566 2452 662 2512 meo,
679 2446 781 2523 quom
799 2453 838 2499 ex
853 2432 926 2526 ipss
945 2453 1007 2512 re,
1031 2434 1179 2526 percipit
1201 2432 1363 2526 voluptn-
1439 2429 1440 2506 ]

286 2547 471 2616 tem.liiius
481 2547 695 2615 alimentsod
708 2568 830 2640 eorpus
844 2561 972 2616 mutum
988 2573 1098 2617 meum
1110 2567 1356 2644 pervenerunt.
1439 2539 1440 2616 ζ

288 2665 396 2761 Quid,
420 2669 448 2735 si
468 2669 544 2760 quis
561 2669 598 2734 in
616 2668 937 2760 tantumprooessit,
957 2683 997 2734 ut
1012 2682 1071 2735 aut
1086 2667 1283 2760 eloquentie.
1302 2694 1363 2762 per
1439 2661 1440 2664 ¹

292 2806 410 2884 gentes
422 2805 648 2872 enotesceret,
659 2806 717 2858 sut
727 2789 872 2880 justitia,
890 2805 949 2856 aut
958 2788 1090 2858 bellicis
1098 2791 1216 2874 rebus,
1229 2808 1265 2858 et
1274 2795 1361 2884 patri
1439 2789 1440 2792 '

324 3061 345 3092 ι.
373 3040 551 3106 Exposuisses
580 3036 693 3109 plerique
725 3035 798 3090 eodd.
848 3034 892 3092 65:
905 3034 987 3106 Calig.
1001 3039 1025 3087 5.
1038 3035 1118 3088 Tacit.
1131 3036 1197 3088 nise
1210 3038 1246 3098 V,
1258 3041 1281 3090 5.
1297 3039 1361 3090 Vide

289 3117 360 3183 dem¹
370 3118 494 3192 prebente
504 3116 576 3171 Piue.
588 3125 613 3166 et
624 3113 705 3166 Gror's
719 3116 800 3166 Antea
849 3121 907 3186 quoe'
920 3135 951 3168 es
962 3115 1123 3168 Germanicis
1135 3115 1232 3170 eluiss-
1244 3127 1271 3172 et
1287 3119 1362 3171 docte

291 3208 359 3251 erar:
370 3195 402 3248 St
411 3215 474 3264 ap.
848 3191 895 3243 vir.
915 3191 1004 3244 Noodt
1021 3207 1045 3245 et
1065 3191 1253 3264 Bynlrersboed
1264 3198 1361 3270 seriptis

324 3275 798 3344 nExposur'sses:aemathios-inmte.
849 3267 896 3322 bae
907 3269 971 3322 dere
978 3270 1063 3322 retulit
1069 3271 1223 3324 lleineerins
1231 3273 1260 3324 in
1273 3276 1360 3344 Antiq.

289 3351 430 3422 lagmnge
448 3352 640 3424 interpretetur:
658 3351 731 3404 Vsus
742 3350 798 3402 n'a·
847 3349 1075 3403 nummularius.
1086 3351 1108 3415 1,
1123 3371 1184 3424 Μ.
1198 3351 1361 3422 137,net.b·

290 3434 343 3484 vies
356 3432 418 3502 pn'd
431 3433 582 3500 m'eccpnser
594 3467 602 3494 ‚
613 3438 638 3482 et
649 3431 721 3482 aton
735 3430 801 3482 e'edt
847 3427 940 3482 Parum
949 3428 1060 3482 humens
1069 3430 1153 3501 itsqne
1161 3449 1213 3484 non
1224 3433 1310 3486 setun
1318 3455 1361 3486 sn·

288 3511 327 3562 e'le'
335 3528 386 3562 une
404 3511 486 3576 injure
498 3511 530 3561 de
545 3509 656 3560 m'aoos'r
665 3509 798 3576 eugendm'.
847 3505 929 3575 tiques
945 3505 1125 3578 legnmhtores
1135 3509 1184 3561 beo
1200 3509 1234 3562 de
1255 3528 1285 3562 re
1307 3525 1360 3564 ste-

288 3586 393 3638 Liberos
411 3586 552 3658 exponendi
573 3605 627 3638 mos
644 3585 695 3656 jem
713 3585 798 3638 sRo-
847 3585 921 3638 tuisse
941 3599 1038 3638 constat
1054 3604 1060 3638 :
1076 3587 1120 3641 sed
1140 3588 1192 3662 ipse
1211 3589 1360 3645 Aristoteles

288 3664 358 3718 mulo
368 3659 797 3729 dieitor'essesetitusfflisiinientes
847 3663 923 3716 Polit.
936 3664 1006 3729 vll,
1025 3664 1054 3717 rb
1068 3677 1148 3728 vetet,
1166 3685 1199 3718 ne
1216 3666 1358 3740 quidquam

287 3741 443 3805 monstrosi,
467 3740 562 3794 debiles
576 3754 619 3793 snt
635 3740 745 3814 insignes
763 3739 795 3792 ed
846 3740 961 3794 orbatum
979 3755 1069 3796 nstnrs
1081 3744 1273 3814 (πεπηρωμένου
1286 3753 1297 3814 )
1309 3746 1359 3799 sie-

286 3819 796 3892 desorrnitstemessentjudiosti.Cs.Din·
846 3828 922 3872 retur.

285 3919 340 3970 nse.
352 3899 435 3952 Helie.
448 3899 473 3952 11
486 3934 493 3960 ,
505 3919 529 3970 p.
547 3899 593 3960 88,
606 3898 662 3969 lips.
675 3897 716 3949 ed.
732 3898 793 3950 enni
878 3899 985 3950 xxxu.
1005 3902 1078 3952 Atto.
1098 3899 1221 3973 Exempla
1244 3902 1359 3955 virnmrn

287 3975 346 4047 ¹59¹
369 3977 413 4030 tol.
424 3977 456 4030 ln
470 3977 549 4050 legg«
568 3975 620 4028 ΧΠ
637 3974 705 4028 tebb.
716 3976 794 4028 etism
843 3974 888 4048 qni
902 3976 958 4049 pius
975 3977 1040 4052 petri
1059 3977 1228 4050 prestiterunt
1244 3999 1325 4050 qnam
1345 4000 1358 4030 s

283 4055 339 4106 fuir.
353 4054 406 4107 Cio.
420 4053 639 4126 deLsgg.111,t.
653 4051 707 4105 Sub
715 4051 793 4127 impe«
842 4065 910 4126 petre
922 4069 1079 4128 aeceperunt,
1093 4055 1285 4128 Xenopbontis‚
1296 4058 1357 4112 Pta-

281 4132 405 4186 rstoribus
414 4145 499 4186 temen
508 4129 574 4184 nibil
581 4131 629 4185 bac
639 4132 792 4206 expositione
842 4133 908 4186 tonis
920 4173 927 4198 ,
948 4133 1077 4202 Socratis,
1092 4135 1130 4188 td
1142 4135 1284 4210 Agrippa,
1305 4151 1355 4190 tum

280 4210 328 4262 fuit
342 4211 496 4282 frequentius
516 4213 569 4263 zei.
584 4210 690 4264 Sueton-
702 4211 792 4264 Oetes.
810 4269 814 4272 ,
842 4211 918 4286 ipsius
934 4213 1050 4285 Augusti.
