2990 4942
294 417 355 503 164
450 415 517 483 AD
542 417 794 488 MARCIAM
817 417 1184 490 CONSOLATIO.

288 547 355 614 turi
369 543 496 642 pendet
509 569 550 614 ex
563 561 710 630 eventu,
724 571 859 644 semper
870 549 907 616 in
921 547 1091 617 deteriora
1104 551 1112 584 ¹
1130 545 1351 640 dependenti.

286 661 441 732 Tandem
450 662 500 731 ibi
511 663 676 746 constitit,
689 661 781 734 unde
793 665 843 735 nil
855 689 932 734 eum
945 664 1064 758 pellat,
1076 663 1137 734 ubi
1151 663 1201 732 nil
1211 676 1352 733 terreat.

332 781 413 850 XX.
438 781 469 850 0
483 781 621 874 ignaros
635 780 800 852 malorum
813 806 972 864 suorum,
990 781 1116 876 quibus
1131 805 1201 851 non
1214 805 1305 864 mors
1317 797 1357 850 ut

286 899 448 992 optimum
461 898 636 967 inventum
649 915 779 968 naturae
794 895 969 976 laudetur!
985 923 1061 992 quae
1075 900 1145 968 sive
1160 899 1355 968 felicitatem

285 1013 453 1096 includit,
474 1015 545 1082 sive
571 1012 795 1083 calamitatem
820 1015 976 1109 repellit,
995 1016 1066 1083 sive
1088 1015 1274 1084 satietatem
1296 1030 1358 1083 aut

285 1129 518 1198 lassitudinem
537 1130 628 1198 senis
646 1132 827 1214 terminat3
852 1133 922 1200 sive
941 1129 1096 1224 juvenile
1120 1154 1249 1216 evum,
1272 1129 1357 1199 dum

286 1245 426 1312 meliora
446 1261 647 1339 sperantur,
664 1247 700 1313 in
716 1247 800 1317 flore
815 1243 977 1328 deducit,
996 1247 1068 1315 sive
1080 1246 1262 1339 pueritiam
1275 1260 1357 1313 ante

286 1359 442 1430 duriores
452 1359 578 1456 gradtu
589 1377 741 1449 revooat3
757 1363 912 1432 omnibus
921 1363 1012 1446 finis,
1026 1362 1141 1436 multis
1151 1359 1354 1444 remedium,

286 1477 488 1569 quibusdam
500 1491 638 1560 votum,
655 1477 699 1546 de
721 1477 825 1546 nullis
842 1479 961 1547 melius
976 1479 1114 1558 merita,
1130 1476 1287 1570 quamde
1301 1476 1358 1545 his

246 1649 259 1682 ,
286 1591 330 1660 ad
344 1618 430 1686 quos
444 1595 538 1662 venit
553 1609 735 1688 antequam
752 1595 980 1665 invocaretur.
1001 1597 1082 1663 llaec
1095 1595 1288 1663 servitutem
1306 1596 1360 1661 in·

286 1711 356 1778 vito
365 1708 502 1798 domino
515 1710 679 1795 remittit,
696 1710 770 1780 haec
783 1711 993 1804 captivorum
1006 1729 1144 1780 catenas
1156 1710 1268 1797 levat;
1284 1712 1359 1782 hac

285 1848 460 1894 ecarcere
478 1823 618 1894 deducit
632 1830 666 1909 ²,
688 1850 774 1918 quos
790 1828 884 1896 exire
907 1827 1087 1922 imperium
1110 1827 1276 1920 impotens
1294 1849 1360 1895 re-

282 1933 419 2025 tuerat,
435 1940 509 2008 haec
530 1940 700 2012 exsulibus
723 1940 760 2010 in
783 1943 927 2035 patriam
947 1965 1080 2035 semper
1103 1941 1253 2010 animum
1272 1964 1357 2010 ocu-

288 2057 406 2150 losque
424 2056 669 2140 tendentibus,
692 2057 840 2126 ostendit
865 2058 953 2128 nihil
975 2059 1139 2126 interesse
1155 2059 1247 2126 inter
1271 2080 1359 2149 quoa

288 2175 431 2266 quiaque
442 2174 577 2267 jaceat3
596 2174 687 2256 haec,
703 2175 762 2243 ubi
776 2199 832 2244 res
845 2199 1039 2244 communes
1053 2176 1188 2244 fortuna
1204 2173 1360 2243 male-di·

271 2292 389 2371 .visit,
408 2305 442 2358 et
458 2315 555 2384 tequo
570 2291 649 2385 jure
669 2292 800 2386 genitos
819 2291 924 2360 aliurn
944 2292 1004 2360 alii
1022 2289 1182 2376 donavit,
1205 2307 1360 2383 exaequat

289 2409 427 2495 omnia3
446 2405 520 2477 haec
533 2424 605 2488 est,
622 2432 701 2501 quae
723 2408 812 2510 nihil
830 2407 1018 2502 quidquam
1032 2410 1144 2477 alieno
1161 2409 1242 2478 iecit
1261 2409 1358 2478 arbi-

269 2524 382 2612 trio,
406 2523 480 2606 haec
497 2539 565 2607 est,
591 2524 628 2591 in
649 2547 718 2615 qua
739 2538 838 2594 nemo
855 2523 1080 2592 humilitatem
1105 2548 1198 2594 suam
1224 2525 1357 2611 sensit;

291 2643 365 2710 haec
376 2657 441 2721 est,
462 2665 538 2733 quae
551 2640 637 2710 nulli
652 2645 787 2733 paruit,
807 2642 881 2710 haec
895 2658 966 2724 est,
983 2643 1112 2710 Marcia
1120 2693 1132 2724 ‚
1146 2667 1247 2735 quam
1260 2658 1360 2736 pater

250 2797 266 2851 3
291 2773 369 2826 tuus
384 2757 578 2849 concupivit
590 2747 615 2823 ³.
637 2759 719 2824 Haec
735 2751 799 2840 eal,
816 2758 968 2850 inquam,
987 2784 1062 2854 quae
1081 2759 1198 2841 efficit,
1214 2774 1253 2827 ut
1266 2760 1361 2828 nasci

182 2879 183 2886 ’
292 2898 361 2942 non
381 2875 425 2940 ait
446 2873 675 2966 supplicium,
697 2893 773 2966 quae
799 2873 925 2958 eflicit,
953 2890 991 2942 nt
1014 2899 1083 2944 non
1103 2874 1280 2944 concidam
1299 2874 1362 2943 ad-

292 3009 411 3055 versus
427 2986 535 3054 minas
554 3009 708 3066 casuum,
728 3000 765 3053 ut
783 3011 919 3055 servare
939 2988 1088 3057 animum
1107 2989 1233 3058 salvum
1246 3011 1286 3057 ac
1300 3011 1363 3083 po-

294 3113 420 3168 tentem
440 3098 492 3168 oui
515 3099 651 3191 possim.
682 3098 798 3168 Habeo
822 3125 890 3193 quo
918 3102 1087 3197 appellum
1108 3097 1134 3171 ⁴.
1154 3102 1262 3171 Video
1285 3104 1362 3172 istic

294 3239 413 3285 cruces
426 3238 496 3283 non
511 3212 766 3308 uniusquidem
780 3218 937 3312 generis,
957 3219 1018 3286 sed
1039 3218 1140 3287 aliter
1153 3220 1196 3288 ah
1212 3218 1290 3287 aliis
1310 3219 1364 3288 ia-

294 3332 460 3416 brimus,
480 3331 590 3424 capite
603 3330 740 3422 quidam
757 3356 936 3402 conversos
950 3333 986 3401 in
1000 3349 1124 3404 tetram
1137 3335 1362 3430 suspendere,

334 3573 355 3605 ι.
380 3552 415 3604 1n
439 3552 564 3603 deteriora
582 3550 741 3617 dependenti.
761 3537 809 3600 ste'
852 3547 964 3623 perdite.
977 3551 1299 3624 inprimisralebresinere
1312 3552 1365 3626 Cy·

299 3633 417 3685 Erasmus
437 3628 537 3682 habet:
559 3629 673 3702 praeiero.
707 3628 804 3702 Lipsius
852 3627 967 3681 renaicos
978 3629 1100 3700 Hegesias
1113 3641 1137 3680 et
1152 3641 1209 3682 ente
1221 3649 1280 3682 enm
1298 3629 1366 3683 inter

299 3709 365 3783 conj.
376 3711 529 3778 rependenti.
549 3707 601 3760 Sed
620 3707 719 3760 humi
731 3707 805 3760 lectio
854 3704 976 3758 Rhetores
998 3705 1149 3762 Alcidamas.
1169 3705 1223 3759 Cic.
1241 3703 1317 3759 Tuoe.
1335 3705 1365 3773 l,

298 3789 347 3842 liae
372 3787 515 3858 coniectura
534 3785 626 3837 melior
654 3795 696 3836 est.
716 3784 801 3835 Vitam
855 3784 896 3852 34,
911 3787 950 3852 48.

299 3865 368 3916 enim
381 3865 424 3918 liic
437 3877 557 3935 tanquam
570 3861 687 3914 miseram
701 3860 792 3933 pingit.
889 3883 912 3915 a.
933 3861 1053 3917 Deducit.
1077 3863 1151 3918 Βοιι
1166 3863 1249 3918 lectio.
1264 3863 1367 3939 Lipsius

331 3943 388 3996 XX.
406 3945 476 3995 ΑΜ.
490 3940 586 3992 Laudes
597 3938 692 3992 mortis.
704 3937 743 3989 Cf.
754 3936 807 3990 eie.
857 3939 921 4012 conj·
935 3941 1027 3993 educit.

299 4021 375 4073 Tusa.
386 4020 494 4092 Dispatt.
506 4019 526 4081 1,
540 4019 630 4087 ipsqq.
640 4013 807 4068 Laudationes
889 4017 912 4069 3.
935 4015 1001 4070 Hae
1025 4027 1079 4080 est,
1100 4038 1184 4087 quam
1205 4029 1284 4087 pater
1307 4029 1368 4072 neae

302 4095 406 4165 qnidem
414 4095 501 4147 martie
509 4092 654 4145 exstiterein
661 4091 807 4163 antiquitate
857 4097 1006 4162 consopivit.
1019 4093 1107 4148 Inedia
1118 4094 1193 4148 vitam
1208 4093 1282 4149 finiit.

300 4175 385 4249 plnres
413 4193 481 4226 nnnc
494 4170 644 4225 omnesille
657 4169 809 4240 qnidemde·
891 4171 915 4237 ⁴.
932 4167 992 4241 Quo
1002 4173 1144 4240 appellem.
1155 4173 1259 4226 Portum
1268 4192 1369 4250 nempe.
