2954 4926
303 413 368 502 592
637 409 705 474 DE
728 407 1041 480 BENEFICIIS

301 541 507 608 beneficium
526 565 532 604 :
551 563 595 606 an
614 541 646 606 ei
665 542 723 632 qui
744 564 842 633 aeque
856 565 959 632 quarn
975 543 1037 608 ista
1052 544 1267 636 propositum
1284 545 1393 614 bene-

300 656 447 726 faciendi
465 633 598 725 uufluin
617 653 757 739 habuit,
778 657 840 725 ted
856 657 990 750 profuit
1006 663 1113 728 casu?

346 776 440 844 VIII.
458 775 666 844 Beneficium
687 775 813 868 nfiquio
833 777 990 845 nesciens
1007 780 1155 872 accipit,
1172 803 1274 848 nemo
1293 806 1392 869 ane-

298 895 441 962 eciente.
453 893 534 985 Quo
546 892 647 962 modo
658 893 782 962 multoe
796 893 937 961 fortuita
947 899 1096 978 sanant¹,
1109 919 1174 963 neo
1185 896 1263 964 idco
1277 923 1392 966 remc-

295 1011 352 1080 diu
361 1029 441 1079 sunt
451 1061 461 1095 ,
472 1027 507 1079 et
516 1013 554 1078 in
568 1011 696 1079 flumen
707 1011 811 1079 alicui
827 1010 991 1079 cecidisse
1005 1012 1134 1106 frigore
1148 1038 1270 1107 magno
1282 1041 1389 1086 musa

295 1127 449 1196 sanitatis
464 1127 549 1195 fuit²
566 1155 574 1194 :
590 1151 659 1220 quo
679 1126 780 1196 modo
795 1119 1036 1220 quorumdam³
1053 1128 1199 1221 flagellis
1214 1149 1388 1222 quartana

295 1241 445 1311 discussa
458 1258 531 1328 est,
548 1259 583 1312 et
596 1258 706 1312 metus
721 1244 923 1337 repentinus
934 1245 1088 1313 animum
1099 1247 1137 1314 in
1148 1246 1252 1316 aliam
1263 1273 1385 1317 curam

293 1357 480 1430 avertendo
499 1376 673 1454 suspectas
692 1354 817 1428 hotaa⁴
836 1359 982 1428 fefellit:
1008 1385 1072 1430 neo
1088 1362 1170 1430 ideo
1187 1363 1383 1456 quidquam

254 1507 269 1540 a
294 1479 438 1560 horum,
459 1477 592 1544 etiamsi
611 1477 711 1545 saluti
729 1477 811 1560 fuit,
833 1477 982 1546 salutare
997 1492 1073 1546 est:
1096 1481 1146 1547 tic
1164 1479 1306 1573 quidam
1323 1508 1386 1551 no-

294 1595 348 1662 bie
361 1611 527 1689 prosunt,
544 1593 626 1662 dum
645 1593 787 1679 nolunt,
805 1595 910 1662 immo
925 1595 1007 1687 quia
1020 1593 1162 1679 uolunt,
1182 1621 1252 1665 non
1266 1615 1383 1667 umen

294 1707 372 1778 ideo
391 1708 461 1776 illie
476 1707 684 1776 beneficium
705 1706 870 1776 debemus
881 1758 892 1793 ,
914 1706 1008 1800 quod
1031 1709 1225 1800 perniciosa
1240 1710 1384 1780 illorum

294 1824 437 1892 consilia
455 1824 592 1892 fortuna
608 1822 748 1891 deflexit
764 1825 802 1891 in
819 1823 953 1891 melius.
977 1825 1033 1892 An
1050 1825 1222 1893 existimas
1239 1851 1296 1896 me
1312 1828 1385 1896 de-

294 1939 376 2008 bere
391 1943 423 2008 ei
438 1940 646 2034 quidquam,
663 1939 761 2033 cujue
774 1963 913 2025 manue,
931 1964 1036 2032 quum
1053 1962 1107 2008 me
1124 1956 1280 2034 peteret,
1298 1967 1383 2036 per-

293 2059 398 2126 cussit
412 2059 543 2126 hostem
561 2080 694 2144 meum,
712 2057 775 2148 qui
797 2058 989 2140 nocuisset,
1009 2058 1078 2124 uisi
1093 2060 1264 2127 errasset?
1278 2061 1380 2154 Saepe

292 2163 424 2238 hostis⁵
443 2170 525 2239 dum
540 2187 660 2265 aperte
676 2171 830 2264 pejerat,
847 2171 949 2238 etiam
962 2171 1055 2238 verit
1070 2171 1215 2240 testibus
1228 2172 1380 2268 abroga-

292 2290 343 2355 vit
359 2287 482 2372 fidem,
505 2304 540 2356 et
554 2311 651 2382 reum
668 2287 763 2355 velut
780 2286 929 2356 factione
944 2289 1216 2356 circumventum
1230 2292 1379 2360 miser-a-

250 2409 266 2460 t
291 2404 396 2473 bilem
417 2403 581 2473 reddidit.
612 2403 790 2498 Quosdam
807 2405 882 2497 ipsa
897 2427 973 2496 quae
1001 2403 1202 2496 premebat,
1221 2411 1378 2500 potentia
1466 2441 1467 2446 ¹

292 2525 420 2619 eripuit
447 2540 510 2592 :et
531 2522 668 2617 judices
692 2546 794 2615 quem
814 2521 1011 2590 damnaturi
1040 2537 1138 2590 etant
1162 2547 1285 2608 causa,
1312 2523 1377 2593 da-
1465 2523 1466 2549 ¹

290 2711 343 2762 lum
355 2730 400 2782 pro
411 2709 524 2784 physico.
534 2709 569 2762 Ut
580 2709 670 2761 Horat.
686 2707 801 2760 Carmin.
854 2706 1158 2762 remediaMneellivite
1168 2707 1375 2762 finemfecerint.
1463 2739 1464 2753 ι

290 2789 383 2854 ΙίΜΙ,
394 2789 445 2842 Od.
454 2807 488 2845 ιιι
499 2809 506 2845 :
520 2812 534 2838 α
544 2789 669 2842 Interiore
681 2799 741 2841 nota
754 2789 805 2841 Fa·
887 2784 1313 2856 3.Quomodoquorumdnm,ete.
1323 2789 1375 2842 Re-

289 2868 364 2920 lerni.
380 2889 394 2915 »
854 2859 986 2914 nentiorib.
1004 2881 1107 2933 quoque
1120 2863 1227 2915 medicis
1241 2866 1294 2930 (cf.
1309 2883 1334 2916 e.
1352 2886 1375 2917 r.

321 2945 393 2998 vltl.
403 2948 471 2996 Atto.
481 2943 655 2996 continuatio.
668 2942 804 2996 Anemine
854 2937 936 2990 1210.
946 2941 1013 3014 Aug.
1024 2939 1118 2993 Unteri
1129 2941 1222 2994 medic.
1233 2942 1375 2996 Woetm-

287 3025 336 3077 nisi
348 3023 442 3076 sciente
455 3022 524 3075 veuit
533 3019 696 3074 beneficium.
709 3022 770 3073 Non
778 3021 802 3072 ei
852 3013 943 3088 scdrffl
955 3019 1020 3069 :der
1031 3021 1116 3084 Arzt,
1130 3018 1169 3072 ed.
1182 3020 1278 3072 nomss
1286 3021 1338 3074 'fn-
1351 3023 1375 3076 ΙΙ

287 3102 394 3176 gratiam
404 3099 493 3152 haberi
502 3099 546 3169 qui
559 3099 619 3150 dum
631 3099 744 3172 pugione
755 3117 802 3150 nos
853 3114 892 3146 nr.
907 3095 962 3147 131.
974 3095 1116 3170 Hamburg.
1133 3100 1215 3170 1769)
1233 3096 1291 3151 hee
1305 3117 1374 3173 sepe

287 3181 362 3256 petit,
375 3179 510 3231 inimicum
525 3190 640 3229 nostrum
651 3177 758 3250 percutit
771 3176 802 3228 de
852 3171 984 3224 ebremata
996 3191 1048 3226 este
1060 3187 1168 3240 constat,
1180 3175 1271 3230 dolore
1278 3177 1373 3250 quippe

286 3258 433 3332 improviso.
449 3257 511 3309 Non
529 3254 655 3328 judicibus
669 3254 715 3324 qui
730 3273 802 3306 reum
853 3248 950 3320 majore
969 3251 1097 3305 minorent
1118 3253 1277 3323 reprimente
1296 3267 1372 3326 etque

285 3337 419 3390 innoxium
430 3335 464 3388 ob
476 3334 544 3387 hanc
556 3351 657 3385 cauum
672 3331 803 3384 liberave-
852 3329 956 3383 sednute
967 3368 975 3395 ,
988 3342 1035 3381 etc.

285 3430 343 3470 runt
355 3417 425 3488 quod
438 3413 557 3467 innoxius
569 3425 640 3465 esset.
885 3409 910 3474 4.
922 3405 1062 3476 Suspectus
1082 3407 1161 3460 ftoras
1180 3427 1239 3478 qna
1256 3429 1317 3462 curn
1335 3411 1373 3462 ti-

320 3517 341 3548 ι.
358 3495 419 3566 Quo
427 3495 537 3546 modo...
548 3499 655 3544 sonant.
672 3489 711 3543 ct.
726 3508 801 3564 cupra
852 3506 924 3539 more
936 3486 1141 3558 exspectabantur
1153 3505 1186 3540 ne
1198 3486 1279 3541 febris
1290 3509 1371 3542 acca·

283 3575 326 3642 lt,
342 3593 388 3642 tq,
405 3591 416 3623 t
427 3583 497 3637 ,not
850 3584 908 3617 sunt
919 3565 1052 3616 referrent.

316 3673 339 3702 n.
353 3632 429 3702 Elin
437 3645 643 3719 βυιιιιιι..]ιιι’ἱ.
662 3647 721 3699 Huc
733 3644 799 3697 trahi
883 3645 907 3695 5.
926 3642 1004 3712 Soepe
1021 3643 1125 3706 horus,
1148 3657 1194 3696 etc.
1216 3643 1263 3698 Sic
1281 3665 1370 3698 omnes

283 3741 363 3804 potest
373 3729 438 3781 ratio
452 3725 590 3791 medendi,
606 3745 657 3796 qua
670 3725 799 3794 Augustus
850 3719 925 3775 codd.
937 3740 997 3774 mss.
1011 3725 1046 3774 Ar
1064 3721 1131 3775 [iud.
1148 3723 1294 3794 Agricola,
1307 3745 1369 3777 rno-

282 3807 480 3862 AntoniiMuste
491 3823 568 3875 opera
579 3823 609 3858 ex
621 3801 725 3875 ancipiti
734 3821 801 3853 rnor-
850 3814 926 3854 nente
941 3800 969 3853 id
993 3801 1113 3866 Erasmo,
1141 3803 1244 3855 emend.
1268 3825 1283 3856 e
1302 3804 1370 3872 conj.
1452 3835 1453 3873 p

282 3889 315 3940 bo
335 3885 511 3950 convaluerat,
530 3881 631 3956 frigidis
655 3881 735 3934 curari
758 3901 799 3932 co·
848 3879 1215 3948 contestis-deponatis
1217 3919 1271 3937 ......
1283 3885 1370 3936 reddt-

279 3977 355 4019 actun
370 3962 473 4016 Confer.
495 3963 567 4014 Suet.
584 3959 713 4032 Aug·81,
740 3959 798 4011 coll.
849 3959 898 4011 dit
909 3959 982 4030 Saepe
992 3972 1121 4012 accusator
1134 3961 1188 4033 ipse
1198 3975 1286 4034 aperte
1299 3963 1369 4035 peje-
1451 3955 1452 3975 ³

280 4047 326 4116 59ς
341 4056 365 4094 et
374 4041 427 4094 Dio
440 4040 510 4094 Cass.
518 4039 588 4105 LIII,
597 4035 638 4104 30,
647 4037 692 4108 qui
699 4038 793 4108 ψυχρο-
842 4053 902 4088 rans
911 4035 1014 4090 testibus
1021 4037 1072 4090 suis
1079 4039 1369 4109 qnosndduxernmeris
1450 4045 1451 4077 f

280 4123 384 4180 λουιίαις
396 4132 419 4170 et
430 4119 608 4189 ψυχροποσίαις
627 4115 680 4186 ojus
701 4115 795 4168 sanita-
843 4114 921 4166 fidem
938 4115 1089 4188 abrogavit,
1107 4117 1158 4169 fide
1177 4139 1222 4171 eos
1244 4120 1368 4192 indignos
1449 4095 1450 4179 i

277 4211 327 4250 tem
346 4197 484 4251 restituisse
505 4205 605 4261 narrat,
629 4213 686 4262 qute
708 4205 794 4246 temen
843 4194 1367 4267 fecit,ideoquemisericordiarninrtutn‚
1448 4203 1449 4281 f
