2976 4944
292 431 336 518 ³4
588 431 657 499 nn
686 431 1069 502 rnomnnnrm

291 577 350 632 ant
365 563 402 630 in
415 566 551 656 eamp0¹
569 564 674 632 otium
689 588 786 633 suum
800 560 969 644 oblectet,
988 566 1096 632 autin
1109 563 1236 656 popina
1250 561 1366 640 lateat,

291 694 350 746 aut
370 694 502 771 tempus
521 679 558 745 in
576 677 692 769 aliquo
715 679 845 746 circulo
869 695 969 748 terat.
992 677 1087 747 Idem
1107 679 1144 745 in
1165 676 1230 745 hac
1248 697 1371 768 magna

291 792 469 887 republica
491 794 531 860 fit
556 820 563 859 :
585 795 666 862 boni
686 795 752 862 viri
772 794 948 878 laborant,
973 793 1209 888 impendunt²,
1234 790 1370 884 impen-

292 912 440 992 duntur,
460 926 495 979 et
510 911 663 980 volentes
682 911 820 1003 quidem
842 937 850 978 ε
875 937 944 980 non
962 913 1184 980 trahunturs
1205 910 1367 988 fortuna,

292 1042 484 1120 sequuntur
506 1026 622 1108 illam,
649 1043 685 1094 et
708 1043 846 1119 aequant
869 1027 1017 1121 gradus,
1038 1029 1067 1096 si
1086 1027 1249 1108 scissent,
1270 1040 1371 1094 ante-

252 1149 269 1215 4
293 1145 484 1214 cessissent.
511 1147 607 1212 Hanc
625 1167 762 1237 quoque
784 1146 969 1215 animosam
985 1135 1175 1214 Demetrii³
1196 1141 1371 1211 fortissimi

292 1262 359 1331 viri
384 1285 500 1332 vocem
523 1259 659 1330 audisse
677 1285 731 1330 me
749 1262 889 1330 memini
914 1289 963 1334 :e
988 1265 1060 1330 Hoc
1077 1285 1206 1342 unum,
1231 1259 1370 1350 inquit,

298 1408 314 1444 »
335 1379 393 1449 Dii
420 1379 649 1462 immortales,
676 1378 719 1446 de
748 1379 845 1448 vobis
867 1379 967 1471 queri
995 1403 1152 1472 possum,
1180 1375 1273 1470 qnod
1304 1399 1375 1443 non

299 1523 314 1560 »
336 1496 514 1564 antemihi
543 1495 754 1564 voluntatem
780 1509 927 1564 vestram
959 1508 1073 1564 notam
1100 1493 1239 1562 fecistis.
1275 1491 1377 1562 Prior

299 1641 315 1678 »
338 1613 430 1681 enim
448 1611 492 1679 ad
511 1613 576 1680 ista
593 1612 784 1692 venissem,
804 1609 944 1704 adquae
968 1635 1061 1680 nunc
1083 1625 1222 1679 vocatus
1240 1606 1373 1677 adsum.

300 1755 317 1792 »
339 1729 452 1798 Vultis
470 1728 597 1796 liberos
616 1729 780 1796 sumere?
799 1726 877 1795 illos
899 1727 997 1795 vobis
1018 1727 1152 1796 sustuli.
1176 1725 1288 1795 Vultis
1311 1724 1378 1790 ali-

300 1871 317 1907 »
339 1868 440 1936 quam
459 1857 590 1936 partem
605 1843 761 1934 corporis
773 1843 788 1909 l
801 1842 938 1912 sumite.
954 1846 1029 1912 Non
1044 1867 1200 1938 magnam
1214 1865 1287 1910 rem
1300 1863 1380 1932 pro-

301 1987 318 2025 »
337 1962 455 2044 mitto,
480 1960 547 2027 cito
566 1973 673 2027 totum
697 1958 904 2050 relinquam.
926 1960 1036 2027 Vultis
1055 1960 1240 2053 spiritum?
1261 1955 1379 2049 Quid-

303 2105 319 2141 »
340 2077 377 2144 ni
392 2073 547 2143 lnullam
561 2097 694 2142 moram
708 2074 847 2156 faciam,
865 2097 933 2165 quo
948 2075 1059 2141 minus
1072 2075 1268 2168 recipiatis,
1285 2069 1381 2164 quod

303 2219 319 2256 »
341 2189 507 2275 dedistis3
529 2215 550 2259 a
571 2192 707 2261 volente
725 2191 843 2259 feretis
860 2241 869 2273 ,
888 2187 1060 2282 quidquid
1077 2191 1260 2284 petieritis.
1281 2186 1381 2280 Quid

305 2333 321 2370 »
344 2331 426 2399 ergo
437 2321 488 2374 est
499 2307 514 2373 Ρ
526 2305 717 2374 maluissem
730 2306 879 2388 offerre,
896 2330 997 2398 qnam
1012 2305 1161 2376 tradere.
1180 2303 1277 2398 Quid
1295 2327 1383 2396 opus

308 2449 324 2486 »
347 2421 412 2490 fuit
431 2421 595 2490 auferre?
617 2421 775 2513 accipere
793 2421 963 2514 potuistis.
980 2421 1047 2491 Sed
1067 2445 1110 2490 ne
1132 2445 1226 2490 nunc
1241 2418 1384 2512 quidem

309 2535 507 2603 »auferetis
528 2585 538 2616 ,
561 2535 643 2626 quia
668 2534 757 2601 nihil
781 2537 949 2628 eripitur,
971 2538 1038 2605 nisi
1065 2537 1226 2605 retinenti
1239 2529 1267 2602 ⁴.
1288 2533 1384 2601 Nihil

310 2680 326 2717 »
346 2676 472 2746 cogor,
496 2651 585 2720 nihil
602 2651 713 2743 patior
731 2651 878 2734 invitus,
904 2675 969 2720 nee
990 2655 1101 2722 servio
1121 2653 1218 2734 Dec,
1246 2649 1308 2719 sed
1333 2675 1389 2718 as-

311 2799 327 2834 »
351 2771 460 2839 sentia
478 2797 485 2836 :
504 2794 545 2837 eo
565 2768 704 2860 quidem
723 2769 851 2860 magis,
872 2769 965 2862 quod
982 2773 1051 2838 scic
1064 2770 1176 2839 omnia
1193 2783 1287 2840 certa
1302 2785 1337 2836 et
1352 2769 1390 2835 in

267 2905 282 2956 5
314 2915 329 2950 »
351 2902 518 2956 aeternum
535 2883 627 2952 dieta
643 2885 720 2977 lege
740 2882 939 2952 decurrere.
960 2912 976 2948 »
997 2885 1083 2953 Fata
1100 2908 1162 2953 nos
1179 2883 1333 2966 ducunt,
1356 2899 1392 2951 et

310 3015 476 3094 quantum
499 3000 625 3092 cuique
648 3013 775 3080 restet,
797 3001 909 3091 prima
934 3003 1143 3068 nascentium
1169 2997 1255 3067 hora
1273 2999 1393 3094 dispo-

310 3118 390 3185 suit.
413 3117 523 3184 Causa
541 3112 668 3206 pendet
691 3137 872 3197 excausa,
895 3115 1029 3207 privata
1048 3139 1089 3183 ac
1107 3115 1244 3208 publica
1265 3115 1392 3210 longus

312 3231 396 3300 ordo
410 3255 525 3299 rerum
539 3230 657 3297 trahit.
674 3227 755 3297 Ideo
770 3229 903 3296 fortiter
914 3253 1013 3299 omne
1025 3230 1205 3299 ferendum
1214 3246 1266 3299 est
1281 3281 1290 3312 ‚
1308 3232 1393 3322 quia

312 3373 404 3431 uon,
426 3365 465 3415 ut
484 3363 662 3441 putamus,
684 3344 840 3414 incidunt
863 3364 1006 3430 cuncta,
1029 3348 1091 3416 sed
1115 3351 1270 3418 veniunt.
1297 3349 1394 3417 Olim

222 3529 226 3540 .
314 3467 534 3536 constitutum
556 3479 629 3544 est,
652 3460 737 3554 quid
760 3462 927 3556 gaudeas,
952 3463 1039 3558 quid
1060 3465 1142 3534 fleas
1160 3493 1167 3531 :
1185 3481 1219 3534 et
1237 3467 1397 3558 quamvis

315 3670 401 3724 multis
416 3668 557 3722 honoribus
569 3665 743 3720 condecorans
754 3676 830 3726 sunu
883 3665 960 3720 leudo
969 3707 976 3734 ,
985 3670 1136 3740 garriendo,
1146 3671 1258 3723 ludendo
1269 3669 1336 3743 pile,
1350 3683 1400 3724 etc.

315 3767 425 3819 quorum
435 3749 502 3800 inter
513 3745 662 3821 praecipuos,
671 3744 691 3796 is
704 3755 797 3796 statut
812 3743 833 3794 si
884 3745 972 3800 lloret.
988 3769 1001 3794 κ
1012 3747 1157 3802 Descendet
1172 3749 1201 3801 in
1214 3768 1334 3822 campum
1347 3769 1400 3822 pe-

316 3827 374 3897 quis
392 3827 424 3880 ad
440 3839 548 3879 mortem
569 3823 751 3885 deduceretur,
767 3834 792 3872 et
811 3821 833 3873 ei
884 3824 1069 3878 thoracum.
1082 3827 1127 3879 lib.
1140 3829 1189 3890 Ill,
1203 3829 1293 3890 Od,1,
1306 3847 1344 3878 νς,
1360 3846 1388 3880 n

317 3906 390 3978 virgo
401 3903 501 3958 vestalis
519 3914 675 3965 occurreret,
687 3897 765 3951 modo
777 3919 830 3951 non
914 3923 936 3954 n.
945 3903 1113 3972 Impendent.
1122 3905 1174 3957 Sue
1183 3907 1396 3975 ,impendentem

317 3983 349 4036 de
361 3983 468 4036 consilio
474 4023 482 4047 ,
493 3981 536 4036 illc
548 3981 633 4034 statim
645 3977 781 4032 incolumis
791 3977 831 4031 di·
881 3980 908 4032 id
918 3993 969 4046 est,
981 4002 1026 4054 pro
1036 3982 1116 4056 petria
1126 3983 1285 4036 occiduntur.

318 4063 465 4117 mitteretur.
484 4061 559 4114 Conf-
577 4061 637 4114 Aul.
655 4057 723 4113 Gell·
742 4057 788 4110 lib.
802 4058 829 4123 l,
914 4059 937 4110 3.
950 4059 1086 4113 Demetrii.
1099 4062 1138 4112 De
1153 4061 1285 4115 Demetrio
1301 4083 1399 4116 tonsu-

319 4161 373 4215 cep.
390 4163 434 4209 tn,
447 4156 493 4194 etc·
881 4135 916 4188 las
929 4147 983 4188 not·
994 4135 1027 4190 ad
1037 4137 1081 4190 lib.
1093 4139 1147 4202 Ill,
1160 4159 1213 4212 tep-
1225 4139 1249 4190 3.

359 4241 380 4272 r.
391 4225 500 4288 Campo.
514 4219 610 4292 Campo
627 4215 830 4282 Mettio,aml1u·
914 4215 1158 4278 castrametatus
1166 4215 1280 4270 sehabet.
1288 4218 1395 4272 Triller.
