2976 4944
311 433 354 518 54
492 433 833 504 consotxmo
859 435 926 504 xn
952 436 1200 504 nnxvmu.

311 588 377 656 que
405 564 514 632 luctus
541 566 591 633 illi
614 589 712 640 aune,
742 568 852 634 omnia
879 567 1038 660 lugubria
1064 563 1252 636 admovebo
1276 592 1283 632 :
1306 565 1371 632 hoc

270 723 272 726 -
312 678 394 770 erit,
417 702 484 744 nun
504 679 595 778 molli
618 681 672 747 via
689 678 839 762 mederi,
862 678 922 747 aed
942 703 1043 750 urere
1066 705 1105 746 ac
1125 704 1252 747 secare.
1275 675 1373 770 Quid

313 813 500 886 consequar
510 797 526 862 i)
537 811 575 874 ut
587 793 713 890 pudeat
721 798 889 879 animum,
906 812 954 862 tot
967 796 1176 864 miseriarum
1190 798 1369 874 viatorem,
1475 799 1476 870 s

313 933 402 1002 aegre
429 901 516 975 ferre
544 934 648 976 unum
673 909 795 978 vulnus
824 911 860 977 in
889 935 1030 1005 corpore
1062 929 1127 978 tam
1161 913 1370 978 cicatricoso.

274 1029 290 1080 ³
314 1024 434 1091 Fleant
445 1027 558 1116 itaque
573 1023 700 1093 diutina
715 1076 724 1107 ‚
738 1042 772 1092 et
784 1042 918 1118 gemant
932 1077 941 1110 ,
955 1051 1097 1118 quorum
1111 1024 1271 1096 delicatae
1282 1050 1376 1094 men·

314 1159 365 1208 tea
377 1143 549 1209 enervavit
566 1141 665 1235 lunga
684 1141 846 1226 felicitas,
865 1158 898 1210 et
911 1142 955 1209 ad
971 1144 1212 1212 levissimarum
1228 1143 1374 1239 injuria-

315 1281 388 1323 rum
420 1261 544 1325 motna¹
572 1256 814 1326 collabantur:
845 1275 879 1324 at
905 1283 1046 1350 quorum
1076 1283 1191 1328 omnes
1209 1260 1292 1329 anni
1312 1281 1377 1350 per
1476 1345 1477 1360 χ

315 1371 519 1466 calamitates
538 1373 764 1454 transierunt,
790 1375 985 1464 gravissima
1008 1399 1142 1468 quoque
1163 1375 1240 1447 sorti
1260 1391 1295 1442 et
1312 1352 1378 1440 iin-

274 1464 276 1478 Ι
316 1488 429 1555 mobili
450 1491 635 1556 constantia
653 1489 837 1581 perferant.
863 1492 975 1558 Unum
989 1491 1092 1559 habet
1110 1491 1244 1562 assidua
1262 1489 1378 1563 inteli-

317 1606 399 1671 citas
412 1604 536 1670 bonum
549 1609 576 1686 ²,
594 1602 685 1696 quod
700 1629 784 1695 quoa
797 1628 885 1698 aaepe
898 1622 1012 1691 vexat,
1028 1608 1205 1677 novissime
1220 1604 1373 1675 indurat.

277 1733 293 1796 t
317 1715 455 1786 Nullam*
467 1717 526 1786 tibi
543 1721 675 1787 fortuna
692 1722 899 1787 vacationem
913 1718 1039 1788 dedita
1054 1722 1258 1816 gravissimis
1277 1720 1377 1788 lueti-

317 1833 381 1923 bl¹⁸
399 1861 405 1899 ι
427 1858 470 1902 ne
490 1835 633 1919 natalem
652 1833 787 1926 quidem
803 1851 895 1903 tuum
912 1839 1054 1930 excepit.
1070 1837 1218 1910 Amisisti
1235 1855 1376 1912 matrem

318 1951 427 2018 atatim
443 1966 541 2032 nata,
556 1951 655 2018 immo
670 1949 748 2018 dum
764 1951 973 2034 nascereris,
988 1967 1021 2017 et
1036 1950 1193 2020 advitam
1211 1951 1377 2045 quodam-

319 2055 436 2130 m0d0³
458 2065 606 2156 exposita
623 2088 671 2130 ea.
696 2064 840 2130 Crevisti
859 2064 923 2131 tub
944 2089 1109 2150 noverea,
1128 2091 1226 2158 quam
1247 2082 1282 2134 tu
1298 2067 1377 2157 qui-

319 2175 395 2245 dem
415 2179 505 2244 omni
524 2179 686 2269 obsequio
707 2193 741 2245 et
762 2171 908 2270 pietate,
931 2196 1054 2272 quanta
1072 2179 1126 2247 vel
1144 2182 1180 2248 in
1202 2182 1378 2268 liliacon-

321 2294 404 2386 spici
428 2309 558 2384 potest,
589 2309 726 2359 matrem
760 2293 834 2359 fieri
862 2295 1000 2386 coegisti
1029 2321 1035 2358 :
1062 2293 1146 2362 nulli
1175 2310 1285 2386 tamen
1310 2317 1379 2361 nun

321 2435 442 2504 magno
461 2410 609 2476 constitit
627 2425 661 2476 et
675 2409 762 2476 bona
774 2433 929 2508 noverea.
946 2403 1182 2478 Avunculum⁴
1198 2409 1381 2503 indulgen-

321 2528 483 2595 tissimum
498 2576 507 2608 ,
524 2527 684 2620 optimum
698 2550 738 2592 ac
753 2526 968 2594 fortissimum
985 2527 1118 2607 virum,
1137 2550 1242 2616 quum
1254 2525 1383 2608 adven-

323 2662 392 2711 tum
411 2645 484 2734 ejus
503 2659 732 2734 exspectares,
749 2643 900 2709 amisisti.
918 2645 959 2710 Et
973 2667 1016 2709 ne
1030 2643 1188 2710 eaevitiam
1205 2666 1297 2709 suam
1312 2642 1383 2709 for-

325 2776 405 2826 tuna
434 2760 597 2825 leviorem
625 2750 848 2849 diducend0⁵
876 2759 1026 2842 laceret,
1060 2758 1148 2826 intra
1176 2758 1381 2824 tricesimum

324 2874 433 2955 diem,
454 2875 659 2942 carissimum
676 2875 784 2942 virum
797 2891 889 2941 tuum
903 2923 912 2955 ‚
928 2897 966 2941 ex
982 2899 1049 2965 quo
1063 2889 1169 2941 mater
1182 2874 1282 2941 trium
1296 2873 1384 2938 libe-

285 3010 299 3060 5
325 3009 438 3054 rorum
453 3009 547 3068 eras,
574 2986 733 3053 extulisti.
751 2988 895 3078 Lugenti
912 2985 973 3053 tibi
995 2987 1105 3054 luctus
1124 2987 1297 3053 nuntiatus
1310 3001 1380 3065 est,

325 3183 385 3234 Vim
395 3203 449 3236 eam
465 3182 573 3234 habeant
587 3193 615 3232 nt
631 3179 828 3232 medicaminum
876 3197 960 3244 neem,
973 3179 1017 3250 qui
1026 3197 1138 3234 sororem
1149 3177 1247 3230 llelviae
1259 3177 1287 3228 in
1300 3176 1384 3239 matri-

325 3262 439 3316 omnium
450 3261 503 3312 vim
515 3271 639 3332 superent.
797 3308 811 3320 ,,
877 3257 992 3312 monium
1016 3268 1148 3326 acceperat.
1168 3256 1206 3318 lx,
1226 3253 1384 3309 nobilitato

363 3336 722 3408 1.lllo!us.Quosquisxentiat‚
732 3346 759 3386 ut
768 3335 829 3389 iale-
876 3329 1384 3404 oriundus,quumexpraeleetumAEgppti

326 3426 493 3488 pfivmormt,
505 3429 550 3468 ete.
878 3413 978 3475 rediret,
985 3425 1097 3464 mortuus
1105 3423 1148 3465 ext·
1158 3410 1232 3464 cont.
1240 3406 1383 3478 eapultim.

324 3553 325 3558 ¹
362 3493 503 3546 a.Bonnm.
520 3493 553 3543 Ut
569 3492 599 3544 sit
611 3491 764 3543 substantive
783 3509 831 3542 tu·
912 3490 1103 3544 §.Diducendu
1118 3487 1230 3560 Spatium
1242 3483 1385 3552 dandoffle·

329 3575 458 3630 mendum.
472 3573 584 3626 Gronov.
596 3590 608 3622 e
623 3570 698 3623 mss.
707 3583 773 3622 recte
787 3588 832 3620 re-
880 3564 1385 3641 parand0.Agiturautemtlemora,quaxn

330 3652 402 3722 capit.
415 3653 495 3704 Antea
507 3649 587 3701 :burri
880 3647 983 3701 fortuna
1003 3643 1076 3696 matri
1098 3641 1257 3702 eonmaerit,
1279 3640 1385 3710 exigna,

364 3725 833 3797 &Advilammexpositaeanippe
881 3737 909 3776 ut
927 3723 1009 3775 virum
1028 3742 1071 3794 per
1090 3721 1191 3793 triginta
1204 3719 1256 3770 aliea
1274 3730 1388 3772 tamum-

330 3806 407 3870 orba,
420 3819 448 3858 ut
459 3825 534 3858 nemo
546 3808 597 3858 lere
605 3816 681 3866 esset,
695 3802 740 3874 qui
748 3820 833 3855 turam
881 3800 957 3852 modo
969 3820 997 3850 ex
1012 3799 1100 3850 itinere
1112 3810 1237 3868 receptum
1251 3811 1310 3849 mox
1320 3794 1387 3846 ami·

331 3885 384 3955 ejnt
395 3897 490 3956 gereret
502 3887 528 3936 in
546 3884 610 3948 vita,
633 3894 711 3934 matre
726 3892 834 3932 mortua·
881 3878 954 3932 aerit:
973 3898 1002 3930 ex
1018 3896 1069 3946 quo
1082 3875 1160 3943 spatio
1176 3871 1261 3944 colligi
1273 3883 1385 3942 poterat,

332 3958 832 4034 Exponituranteminlansntavljanuam.
884 3959 1012 4013 iortmm
1024 3953 1161 4026 mitigatam
1177 3971 1242 4014 essm
1261 3963 1287 4004 at
1297 3969 1336 4003 rea
1347 3968 1387 4000 ae-

334 4043 344 4100 (
350 4039 454 4092 Sueten.
466 4037 555 4090 Claud.
568 4040 622 4102 η.)
633 4036 662 4089 ad
676 4036 792 4108 plateam,
800 4034 835 4086 tic
885 4055 927 4090 eut
939 4036 1018 4088 emit.
1029 4032 1146 4086 Restituit
1166 4031 1279 4084 Gronov.
1290 4049 1318 4080 ex
1330 4029 1387 4080 end.

332 4119 357 4170 h.
365 4118 428 4171 lad
436 4123 533 4182 vitam,
545 4116 661 4188 abjectus.
885 4116 980 4166 Antea:
990 4112 1135 4162 deducendo
1147 4109 1162 4159 i.
1173 4127 1194 4159 e.
1208 4105 1387 4169 diminuendo,

365 4199 389 4262 4,
405 4198 575 4250 Avunculum.
590 4194 668 4264 lpsiua
683 4213 772 4264 nempe
789 4192 835 4244 Se·
886 4189 1047 4242 detrahendo.
1070 4189 1192 4240 (letarum
1218 4187 1335 4255 frequent
1359 4181 1389 4234 in
