2954 4926
456 454 553 524 mo.
580 449 632 542 t,
660 452 769 522 car.
797 450 880 521 xv.
1143 457 1209 549 ⁵⁵7

136 601 206 650 non
222 584 368 651 invicem
386 585 530 676 pessime
544 565 765 651 mereantur?
779 585 851 650 Nec
864 595 914 650 eat
931 580 1022 673 quod
1036 583 1124 653 hanc
1133 597 1208 652 tan-
1236 590 1252 641 3

134 711 207 764 tum
222 713 370 766 nostram
384 699 685 767 murmurationem
705 689 826 790 putea,
848 719 911 788 pro
927 697 1074 788 pessimo
1087 703 1211 791 pravo-

135 836 204 902 que
215 816 489 900 numerantium,
502 812 673 908 quidquid
683 815 768 883 citra
783 813 869 880 recti
879 811 1055 882 formulam
1070 815 1206 884 cecidit.

133 927 223 993 Eece
242 931 434 1022 nescioqui
448 953 517 997 non
531 953 572 997 ex
586 929 869 1022 philosophorum
886 928 987 996 domo
1006 931 1128 1000 clamat
1146 961 1153 999 :
1170 957 1211 1000 ex

134 1049 268 1118 medio¹
287 1067 457 1122 conventu
475 1052 620 1146 populoa'
637 1070 824 1146 gentesque
838 1051 1038 1122 damnatura
1056 1079 1118 1124 vox
1132 1058 1211 1125 mit-

85 1205 89 1212 ·
133 1168 232 1252 titur,

265 1355 458 1372 ..........
476 1315 547 1374 Non
559 1315 667 1396 hospes
683 1311 722 1374 ab
736 1313 852 1395 hospite
866 1325 962 1384 tuum,
996 1329 997 1334 ’

259 1415 332 1474 Non
346 1433 434 1476 socer
448 1433 466 1474 a
480 1434 609 1497 genero;
626 1414 755 1474 fratrum
766 1434 885 1494 quoque
896 1414 992 1497 gratia
1009 1433 1079 1474 rara
1091 1427 1136 1475 est
1152 1438 1159 1472 :

259 1511 404 1578 Imminet
416 1515 507 1576 exitio
519 1516 568 1576 vir
582 1515 740 1600 conjugis,
756 1513 809 1576 illa
825 1514 936 1576 mariti.

61 1653 66 1666 ’
131 1653 207 1719 Hoc
221 1652 292 1743 j'am
310 1652 457 1746 amplius
475 1667 547 1738 eet3
567 1651 734 1720 beneficia
752 1652 788 1718 in
808 1652 919 1720 scelus
935 1675 1034 1720 versa
1052 1669 1153 1720 sunt:
1174 1668 1208 1720 et
1233 1651 1250 1716 l

131 1767 293 1857 sanguini
302 1789 420 1833 eorum
430 1789 501 1834 non
514 1765 680 1859 parcitur,
695 1788 759 1857 pro
771 1766 898 1858 quibua
912 1767 1050 1858 sanguia
1063 1765 1209 1835 funden-

123 1863 196 1947 'dus
222 1896 284 1948 eet.
311 1879 434 1949 Gladio
463 1905 503 1948 ao
530 1881 671 1949 venenis
701 1879 870 1966 beneficia
898 1883 1074 1973 sequimur
1106 1908 1113 1946 :
1139 1883 1204 1975 ipsi

129 1998 251 2088 patriae
264 2021 383 2065 manus
403 1997 563 2077 afferre²‚
584 2012 618 2064 et
638 1995 785 2063 fascibus
804 1997 874 2063 suis
894 1995 984 2066 illam
1004 1989 1201 2088 ³premere‚

130 2112 285 2204 potentia
296 2135 337 2179 ac
351 2111 500 2206 dignitas
514 2128 578 2180 est.
594 2109 723 2179 Humili
739 2134 775 2178 ee
788 2135 829 2178 ac
846 2106 1007 2204 deprea'so
1022 2112 1097 2181 loco
1111 2131 1208 2206 putat

131 2245 245 2311 stare,
271 2231 426 2322 quiaquia
444 2254 514 2299 non
539 2253 638 2324 supra
659 2227 904 2320 rempublicam
922 2225 1047 2297 stetit⁴.
1065 2230 1206 2328 Accepti
1233 2243 1248 2292 5

130 2345 177 2413 ab
201 2345 261 2413 illa
286 2346 455 2414 exercitus
475 2348 510 2413 in
528 2347 633 2438 ipsam
654 2360 912 2426 convertuntur,
935 2362 969 2414 et
987 2348 1206 2440 imperatorie

131 2464 251 2532 concio
262 2479 314 2530 eat
326 2489 333 2528 :
347 2465 501 2556 Pugnate
512 2476 631 2536 contra
642 2460 822 2564 conjuges,
837 2479 987 2554 pugnate
996 2479 1114 2554 contra
1124 2465 1207 2534 libe-

131 2605 190 2648 roe
208 2608 216 2648 :
231 2605 320 2666 aras,
335 2578 438 2662 socos,
453 2595 605 2672 penates,
616 2578 721 2646 armis
736 2570 925 2646 incessite⁵.
938 2578 1010 2669 Qui
1024 2604 1068 2647 ne
1083 2580 1205 2651 trium-

166 2823 188 2856 1.
200 2803 267 2858 Ecce
277 2806 417 2874 nescioqui
425 2823 476 2857 non
484 2821 521 2858 ιω
526 2801 641 2868 philoso-
689 2808 799 2863 tentore,
806 2797 858 2850 rim
868 2818 966 2870 semper
974 2797 1076 2851 denotat
1081 2801 1205 2872 cupientis

124 2882 241 2951 pirorum
248 2885 490 2935 domoelamatsex
497 2881 639 2942 medique.
691 2890 732 2930 aut
742 2874 874 2930 verberare
887 2889 945 2939 ,aut
958 2896 1055 2930 necare.

128 2956 642 3030 SiceodexNen.,aquonecceterimul-
722 2956 746 3008 3.
765 2951 897 3008 Fascibus
914 2956 969 3006 suis
990 2956 1068 3007 illam
1079 2973 1204 3022 premere.
1308 3009 1314 3020 ,

129 3053 186 3092 turn
198 3039 337 3102 differunt,
350 3059 425 3110 quem
436 3059 493 3092 cum
506 3037 588 3091 Gron.
603 3056 641 3088 ee·
690 3035 724 3088 ll.
737 3055 759 3086 e.
770 3033 878 3106 imperio
888 3033 1145 3106 euohancsobjicere.
1153 3037 1204 3088 Po·

128 3141 205 3192 quor.
221 3123 306 3173 Antea
319 3137 326 3171 2
338 3119 404 3173 Ecce
420 3122 502 3172 nescio
521 3138 581 3187 quer
582 3155 640 3172 .......
682 3112 797 3184 ‘tentiam
806 3112 902 3182 susces
917 3111 1053 3176 denotant;
1068 3133 1201 3183 premere,

129 3201 211 3252 domo
220 3200 291 3252 clam
303 3201 364 3262 ted,
380 3211 425 3251 ete.
434 3197 543 3250 -Eece
556 3201 640 3252 nescio
690 3193 859 3265 tyrannidem·

128 3280 178 3346 qui
185 3297 296 3330 ηοω...
307 3278 385 3328 domo
394 3279 494 3328 elanrat
508 3292 515 3327 t
527 3295 568 3330 ex
581 3297 641 3330 me-
723 3273 746 3337 4·
764 3270 892 3342 Quisquis
901 3291 952 3322 non
962 3291 1045 3340 supra
1056 3273 1203 3340 rempubli-

127 3358 192 3418 de'0‚
206 3366 252 3406 ete.
262 3355 324 3408 Nou
335 3352 417 3407 solum
429 3373 517 3406 omnes
527 3353 640 3427 philoso-
689 3368 749 3401 cam
763 3351 839 3401 stelit·
859 3346 912 3415 Qui
933 3368 985 3400 non
999 3348 1053 3418 jure
1067 3363 1091 3402 et
1103 3349 1201 3423 legibus

128 3431 239 3504 phorum
247 3445 319 3486 seete
330 3468 337 3496 ‚
349 3429 392 3484 red
404 3430 492 3484 circuli
503 3451 591 3484 omnes
599 3451 640 3504 po·
689 3425 856 3499 potentiorem
872 3444 899 3477 se
917 3425 984 3478 lecit
997 3425 1096 3479 Gallice
1114 3448 1122 3480 :
1139 3431 1202 3499 qui-

126 3508 640 3586 pulilrocelarnant.Domumautemphi·
688 3507 1201 3574 conquen'estposau·dessusdel’e'tat.

126 3587 293 3661 losophornm
304 3586 409 3660 perinde
421 3599 448 3638 ut
457 3585 580 3638 familiam
592 3607 637 3658 pro
723 3585 746 3636 5.
755 3583 935 3652 Imperatorio
944 3587 1029 3635 concio
1039 3595 1112 3636 eso...
1121 3590 1201 3638 inces-

126 3677 193 3718 eecta
206 3665 232 3717 in
245 3685 293 3718 usu
303 3663 394 3726 luisse,
408 3675 473 3736 petet
484 3683 498 3716 o
508 3663 638 3717 Ciceronis
687 3661 741 3712 site.
758 3659 864 3711 Nullam
878 3679 992 3730 unquam
1007 3659 1081 3712 talem
1099 3663 1201 3715 concio-

126 3743 250 3798 Aeedem.
262 3744 288 3807 1,
300 3743 324 3808 d.
334 3743 422 3795 Seuer·
435 3742 601 3813 Epist.xx1x,
613 3761 637 3813 q.
687 3756 747 3788 nem
768 3735 880 3788 habitam
899 3737 975 3789 fuisse
994 3737 1052 3790 ratis
1067 3751 1152 3811 patet;
1175 3753 1200 3791 at

124 3823 221 3876 Verane
241 3820 331 3874 Ovidii
349 3833 408 3873 eunt
422 3819 591 3891 Metamorph.
606 3820 634 3885 1,
686 3813 918 3886 contre,justitiam
927 3813 1054 3870 violentie
1068 3817 1200 3888 pretendit
1227 3840 1230 3846 r

128 3900 175 3967 144
185 3919 223 3971 eq.
236 3918 300 3971 qnos
309 3898 360 3970 iarn
369 3897 401 3950 de
411 3899 452 3950 lra
463 3899 502 3962 ll,
515 3899 547 3964 8,
558 3900 573 3950 5
584 3897 635 3951 lau-
684 3892 723 3945 vir
740 3893 877 3966 superbus,
894 3907 919 3946 et
935 3889 1085 3946 immensam
1098 3893 1198 3968 imperii

122 3979 228 4031 devetat
239 3976 316 4030 simili
326 3977 465 4030 occasione.
684 3971 801 4045 potiundi
815 3971 960 4046 cupidinem
979 3974 1141 4028 dissimulent
1155 3997 1198 4049 pa·
1215 4013 1217 4020 ,

158 4079 183 4112 ι.
195 4058 297 4112 Manen
306 4057 409 4130 afferre.
418 4057 451 4109 ll.
460 4076 481 4108 e.
493 4057 521 4108 in
529 4056 635 4129 patriam
684 4053 738 4106 triae
746 4053 875 4106 moerentir
886 4073 939 4107 non
952 4053 1050 4108 hostem
1059 4074 1103 4118 re,
1118 4068 1143 4107 et
1157 4075 1199 4108 ee-

124 4157 249 4212 pugnare,
258 4134 488 4209 inpetriaeruinarn
499 4147 523 4186 et
534 4134 637 4188 occisio-
682 4145 747 4185 serto
766 4153 822 4184 rem
841 4131 924 4207 lingit.
941 4133 1039 4197 cesar,
1054 4135 1082 4188 in
1100 4135 1196 4188 Lucan.
1263 4169 1273 4186 .

125 4233 185 4266 nem
198 4213 305 4286 accingi.
317 4212 418 4264 Manus
429 4211 535 4282 afferre,
548 4210 587 4262 vel
596 4214 636 4262 r'o·
683 4209 771 4263 Pham.
783 4210 826 4266 lib.
836 4211 1027 4282 l‚quumtrans
1037 4212 1197 4265 Rubiconem
