2954 4926
280 419 344 487 558
614 415 682 487 DE
704 415 1014 492 BENEFlCllS

277 547 416 641 phaturi
428 543 567 636 quidem
578 548 707 622 intrare
719 546 838 618 urbem
849 550 981 643 injussu
994 566 1129 626 senatus
1147 557 1154 586 ¹
1167 552 1353 640 deberetis,

276 661 471 755 quibusque
490 665 675 736 exereitum
696 666 857 736 victorem
876 667 1120 744 reducentibus
1142 671 1240 748 ouria
1262 689 1355 742 extra

278 802 393 852 muros
412 777 621 872 preberetur
641 809 649 850 ι
672 804 765 858 uuue
779 782 913 855 civibus
932 785 1063 870 mie,
1084 786 1215 878 perfusi
1233 811 1356 861 eruore

234 920 251 972 a
277 914 443 996 cognato,
475 897 596 970 urbem
617 899 786 972 subrectis
808 901 933 978 intrate
959 900 1104 979 vexillis.
1134 901 1357 980 obmitterent
1464 951 1465 976 i

276 1015 368 1082 iuter
395 1012 556 1086 militaria
576 1014 674 1106 signa
701 1012 841 1085 libertae
860 1042 867 1082 :
887 1029 922 1085 ot
939 1014 999 1084 ille
1020 1016 1130 1086 vietor
1148 1033 1355 1110 paratorque
1464 1058 1465 1120 p

278 1131 431 1224 gentium
455 1129 622 1222 populus,
653 1131 792 1197 remotis
814 1129 935 1224 procul
960 1129 1079 1213 bellis,
1107 1133 1199 1200 omni
1226 1148 1356 1202 terrore

276 1271 488 1342 eompreseo,
509 1247 599 1316 iutra
619 1269 734 1315 muros
754 1233 932 1330 'obsessum
955 1247 1087 1340 aquilas
1104 1273 1181 1318 suas
1200 1250 1350 1319 horreat.

278 1457 280 1464 Ι
324 1363 421 1436 XVI.
443 1367 603 1456 Ingratus
630 1378 682 1432 est
709 1354 953 1432 Coriolanus³s
973 1386 1049 1432 sero
1069 1379 1192 1460 etpost
1211 1365 1355 1434 sceleris

275 1481 510 1575 poeniteutiam
527 1481 628 1572 pluat
650 1479 762 1572 posuit
775 1501 888 1564 arms,
909 1479 969 1549 sed
983 1481 1021 1554 in
1037 1479 1151 1551 medio
1165 1484 1353 1574 parricidio

275 1595 404 1690 posuit.
419 1595 577 1690 ingratus
586 1593 733 1664 Catilina
744 1589 756 1636 ⁴
768 1621 776 1662 :
787 1617 909 1691 parum
922 1609 973 1662 est
985 1593 1035 1662 illi
1051 1617 1175 1689 capere
1190 1598 1351 1690 patriam,

275 1713 341 1782 nisi
356 1702 535 1793 verterit⁵,
555 1711 622 1780 nisi
638 1705 883 1804 Allobrogum⁶
897 1711 933 1777 iu
948 1709 1041 1777 illam
1058 1711 1218 1780 cobortes
1235 1714 1355 1783 immi-

275 1833 380 1916 serit,
406 1847 441 1902 et
466 1847 561 1900 trans
590 1828 693 1922 Alpes
716 1829 846 1900 accitus
872 1828 979 1897 hostis
1001 1845 1116 1901 vetera
1139 1846 1175 1898 et
1202 1831 1355 1927 ingenita

275 1945 353 2018 odia
367 1947 560 2032 satiaverit,
574 1969 615 2014 ac
628 1945 688 2014 diu
704 1943 836 2014 debitus
851 1944 990 2014 inferias
1003 1944 1147 2014 Gallicis
1162 1945 1273 2016 bustis
1292 1947 1355 2016 du-

274 2088 331 2137 nos
348 2065 493 2138 Romani
511 2062 773 2156 porsolveriutl.
791 2063 950 2156 Ingratus
964 2063 1004 2132 C.
1028 2063 1185 2144 Marius,
1206 2061 1252 2131 ad
1271 2088 1354 2132 oou-

274 2259 348 2332 signa
366 2259 460 2324 insert,
478 2252 536 2311 rbox
559 2255 623 2309 Urbi
649 2255 763 2309 illaturus
783 2275 790 2309 t
872 2255 895 2308 b
920 2255 1084 2310 Coriolanus.
1107 2255 1149 2308 Cl.
1171 2255 1303 2311 Plutareb.
1324 2259 1351 2311 in

274 2361 289 2388 ιι
298 2339 453 2404 Ruma,lsve
461 2335 620 2409 eoeptfflm
628 2334 790 2388 telarialibus
839 2333 893 2406 ejus
905 2334 957 2388 vita
969 2348 994 2387 et
1006 2335 1167 2400 Liv.11,ss

274 2419 340 2472 ausis
359 2417 502 2489 Persequor
520 2435 570 2470 :eu
593 2417 683 2470 adsum
707 2415 787 2469 vietor
871 2415 896 2479 4.
910 2413 1034 2466 Catilina.
1053 2414 1082 2464 L.
1100 2412 1206 2486 Sergius
1221 2411 1350 2478 Catilina,

273 2510 389 2569 terraque
417 2495 532 2566 marique
560 2494 668 2559 Cesar,
690 2493 787 2565 ubique
836 2487 953 2542 omnium
964 2489 1134 2564 quiunquam
1149 2489 1238 2564 patriae
1251 2490 1350 2544 ruinam

271 2573 520 2639 tuus,lleeatsuotlo
532 2591 601 2625 nune
615 2591 726 2642 quoque,
736 2571 789 2622 rai-⁴
837 2567 1012 2642 conspiravere
1035 2565 1222 2626 celeberrimus.
1243 2570 1283 2621 De
1304 2569 1351 2624 boe

253 2715 258 2724 ι
273 2652 317 2704 les·
328 2652 375 2705 llle
388 2652 444 2717 erit,
456 2651 502 2703 ille
514 2669 622 2714 nocens,
635 2650 680 2720 qui
690 2670 731 2702 me
741 2649 787 2702 tibi
838 2647 927 2700 omnia
941 2660 1009 2700 uota.
1021 2647 1060 2700 Gi.
1069 2647 1184 2701 Sallustii
1192 2648 1253 2701 bell.
1264 2649 1348 2714 Catil,

271 2730 359 2782 feeerit
370 2730 478 2783 bostem.
492 2750 505 2776 a
523 2729 556 2782 Et
567 2749 626 2781 uror
637 2728 670 2780 ad
685 2728 787 2781 Arimi·
837 2738 862 2778 ot
873 2725 945 2778 Flori
957 2726 1050 2779 Histoe.
1066 2727 1111 2779 lib.
1122 2727 1177 2794 lu,
1192 2747 1247 2801 cap.
1262 2749 1284 2780 r.

272 2806 575 2862 nensessoNeenumina
586 2807 786 2860 desumuNana
870 2805 894 2856 5.
907 2801 1029 2856 Verterat.
1051 2803 1153 2856 Gruter.
1171 2815 1196 2857 et
1218 2804 1303 2860 Gran.
1323 2805 1349 2856 in

272 2907 356 2960 neque
381 2887 467 2960 praeda
490 2885 553 2938 meis
575 2904 657 2954 neque
677 2905 786 2958 regnum
836 2880 998 2951 bosquoqns
1011 2883 1219 2936 reeteeotl.Naa.
1232 2901 1350 2953 sequn-

271 2966 409 3038 querimus
420 2964 496 3018 armis
509 2985 514 3016 :
527 2961 693 3016 Detrahimus
703 2965 787 3018 domi·
835 2958 939 3011 turtalii
951 2963 1074 3014 everterit.

272 3063 320 3098 nos
333 3043 398 3097 Urbi
409 3042 503 3096 servire
515 3053 616 3115 paratae.
630 3063 643 3088 s
868 3039 894 3091 6.
903 3039 1083 3108 Allobrogem.
1096 3037 1349 3113 Allobrogas,Gal-
1462 3007 1463 3017 l

307 3119 786 3193 1.Qus'ne!riumpbolssri..·.debere-
836 3115 878 3169 lias
890 3115 1076 3189 populnseires
1093 3115 1252 3170 liberianum
1266 3117 1349 3170 alaeu
1461 3181 1462 3184 Ἴ

271 3201 314 3253 tis.
327 3199 398 3251 Nam
410 3198 466 3270 lege
478 3197 596 3250 lioutaua
612 3195 718 3248 vetitum
734 3207 785 3248 erat
836 3195 951 3250 bernano
970 3198 1003 3249 ad
1023 3197 1118 3250 Mam
1136 3215 1218 3267 nsque
1242 3198 1349 3250 inbabi—

271 3296 305 3329 ne
329 3276 386 3347 quis
408 3275 504 3328 Urbem
526 3286 636 3327 anuatus
656 3275 783 3336 intraret,
834 3273 1057 3340 taus,setlitiosus.
1074 3274 1114 3327 ab
1131 3295 1221 3328 eornm
1241 3276 1346 3350 legatis,

271 3353 577 3428 etiamsitriumpbaturus
586 3352 784 3426 triumphaturos
833 3369 912 3422 quum
920 3349 969 3423 iam
977 3371 1020 3404 eos
1029 3351 1156 3405 Lentulus
1167 3364 1193 3404 et
1206 3351 1346 3425 Cetbegns,

271 3432 364 3486 milites
375 3452 461 3485 seeum
472 3433 583 3490 duceret.
834 3449 897 3502 quos
907 3430 1033 3505 principes
1043 3430 1234 3503 conjuratorum
1245 3429 1273 3483 in
1286 3429 1347 3484 urbe

305 3513 610 3574 a.Nnnccioibu,scoesis·
623 3510 784 3564 Satisvivido
834 3509 945 3562 Catilina
964 3509 1120 3580 reliquerat,
1141 3509 1170 3562 in
1190 3523 1275 3584 partes
1292 3529 1347 3563 suas

270 3587 354 3642 colore
365 3588 481 3664 depingit
490 3586 622 3642 liorrorem
634 3586 696 3640 belli
706 3589 784 3642 intes·
832 3587 935 3640 asturi
952 3597 1052 3651 essent,
1072 3587 1277 3658 conjurationem
1296 3607 1348 3642 esse

269 3669 318 3723 tini
328 3688 350 3721 s.
361 3667 460 3734 civilis,
480 3679 505 3718 et
521 3666 704 3731 ambitionem,
719 3685 784 3719 cau·
831 3664 961 3735 proditam
970 3675 1060 3718 uotum
1071 3677 1114 3717 est.

268 3767 323 3802 sam
330 3747 384 3820 ejus
391 3743 783 3820 precipuamal'rssmittituutem
866 3764 890 3812 p.
904 3743 945 3797 Ac
958 3745 1006 3795 eliu
1017 3743 1154 3795 debitus...
1162 3746 1345 3814 persultans,

268 3823 341 3892 bae,
356 3836 384 3878 ut
395 3823 513 3896 deinceps
525 3820 645 3894 exemplis
659 3821 740 3896 tnagis
750 3821 784 3874 il·
831 3833 860 3873 ut
883 3817 960 3874 duces
980 3820 1080 3873 tomani
1100 3833 1292 3886 mactarentur,
1314 3823 1346 3876 ad
1459 3869 1460 3897 ,

268 3902 392 3958 lustrandi
404 3922 458 3956 rem
469 3900 542 3974 copia
553 3900 593 3953 sit.
833 3897 973 3972 exemplum
987 3897 1037 3950 ΧΠ
1049 3896 1172 3966 juvenum
1186 3899 1219 3951 ab
1232 3897 1345 3962 Aebille,

301 3983 371 4036 XVI.
394 3983 467 4036 Aun-
487 3981 649 4052 lugratorum
672 3975 784 4050 exempla
832 3975 1135 4042 utiuieriarumbretvue)
1148 3977 1347 4050 eausa,iurogo

269 4060 387 4114 adversus
400 4059 514 4136 patriam.
527 4055 680 4110 Coriolanus
692 4095 700 4120 ,
712 4055 784 4108 Cati-
833 4055 944 4106 Patrocli
956 4066 1123 4106 metatorum
1131 4055 1200 4128 apud
1212 4057 1291 4108 llum.
1304 4057 1345 4121 ll.,

192 4141 201 4152 “
269 4137 336 4199 lina,
350 4139 448 4192 Marius
457 4176 464 4204 ,
474 4135 563 4210 Sylla,
576 4135 722 4209 Pompeius,
732 4135 782 4209 ipse
833 4133 909 4199 xxi,
921 4134 997 4206 absq.
1008 4153 1015 4188 :
1027 4135 1055 4187 in
1063 4134 1188 4190 bonorem
1195 4136 1347 4190 vindicen-

270 4213 363 4270 Cassr.
833 4233 880 4284 que
892 4213 1030 4269 Gallorum
1043 4215 1148 4269 Rrenno
1159 4215 1224 4270 tluee
1234 4218 1345 4271 Roman
