2966 4948
70 565 246 631 meminisset,
255 578 340 640 postea
353 585 408 640 cap.
422 567 472 634 tir,
487 585 533 630 ιο,
545 566 594 619 sibi
610 580 768 640 temperem
780 577 893 632 constat,
907 579 936 618 ut
951 585 1010 619 eum
1026 567 1148 621 conviciis

70 651 243 703 acerbissimis
251 663 416 718 consectetur,
425 650 535 723 ideoque
543 651 648 725 posteris
653 651 693 704 vel
699 651 814 724 plurimis
823 671 910 704 ansam
919 653 1021 704 oilerret
1027 653 1085 705 satis
1093 671 1150 706 am*

72 738 156 812 tht
166 737 390 810 pessimaqunque
401 737 429 790 iu
437 737 560 791 Senecam
572 738 738 802 effundendi,
757 749 858 811 excepto
869 738 967 790 doctiss.
980 737 1151 809 Shustesbmy

72 821 348 886 [Chamcteerisnete
359 821 415 886 III,
428 843 453 896 p.
466 823 497 886 ²4
510 826 577 886 not.)
587 859 595 886 ,
604 822 703 876 Satttee
711 821 803 888 (Mem.
814 825 847 878 de
856 823 963 876 l'Acod.
974 826 1019 876 des
1028 824 1153 892 inscript.

74 903 102 954 T.
115 903 202 970 VIII,
213 925 240 976 p.
259 905 325 970 ani)
339 903 372 956 al.
387 904 427 958 Er
441 905 486 957 illo
498 905 590 960 Dionis
601 905 697 979 judicio
710 905 848 958 inleuslore
859 919 952 979 spectat
962 906 1012 959 buc
1026 907 1151 959 accusatio

72 989 175 1052 hacce:
188 1011 202 1044 a
213 989 336 1042 &necem
346 989 428 1042 exsilii
438 989 477 1042 sai
488 1003 621 1062 pertaesum
633 1010 663 1042 er
675 985 773 1053 insula,
787 990 815 1041 in
827 1010 876 1060 qua
889 989 1029 1054 exsulabat,
1041 992 1151 1046 Romam

74 1097 89 1120 s
100 1073 203 1129 misisse
220 1073 356 1138 libellum,
372 1073 401 1126 in
416 1093 468 1144 qno
484 1074 647 1136 Messalinam
664 1086 688 1125 et
704 1071 808 1126 Claudii
822 1065 924 1126 libertos
937 1075 1055 1130 'adulatus
1075 1085 1150 1140 esset,

73 1178 88 1202 s
101 1175 182 1226 quem
199 1169 287 1210 tamen
306 1157 438 1223 libellum,
458 1171 621 1232 posteaquam
640 1158 669 1212 in
687 1178 814 1212 summurn
832 1159 884 1211 lere
899 1145 1005 1210 lionoris
1022 1158 1152 1232 fastigium

74 1263 88 1285 s
101 1238 266 1302 escenderat,
277 1239 373 1312 pudore
380 1253 464 1294 motus
475 1241 629 1314 supprimere
639 1240 790 1294 tentavisset.
797 1261 810 1287 s
817 1241 875 1294 Iam
887 1239 957 1294 bunc
964 1239 1058 1292 librum
1069 1239 1152 1293 adhue

73 1337 170 1378 exstare
185 1335 262 1394 atque
272 1323 337 1376 adeo
350 1339 461 1380 nostram
474 1345 526 1378 esse
539 1325 758 1389 consolationem,
771 1323 805 1375 at
819 1343 900 1376 unum
917 1326 968 1376 sere
982 1343 1073 1377 omues
1088 1335 1153 1398 pro'-

73 1407 271 1460 nuntiaverunt.
287 1409 426 1463 Enimvero
441 1411 559 1482 equidem
571 1409 689 1466 hocloco
703 1427 757 1460 non
773 1408 832 1462 satis
847 1409 935 1462 miraei
949 1427 1064 1482 possum,
1082 1427 1153 1480 quo-
1172 1447 1176 1452 -

74 1491 153 1542 modo
165 1491 272 1544 taudem
284 1493 380 1544 Iactum
391 1493 436 1557 sit,
448 1491 533 1545 utviri
546 1491 627 1557 docti,
640 1491 717 1562 inque
730 1491 760 1544 iis
771 1490 902 1544 Fabricius
913 1491 1153 1564 potissimumatque

76 1575 179 1629 Ernesti
195 1577 223 1628 iu
237 1576 304 1629 hauc
320 1576 470 1630 senteutiam
481 1577 608 1630 inclinare
622 1577 758 1651 potuerint.
778 1578 810 1630 ln
829 1576 1009 1630 Consolatione
1026 1577 1108 1640 enim,
1125 1587 1154 1628 nt

75 1660 190 1713 breviter
203 1681 258 1712 rem
268 1660 450 1731 perstringam,
463 1661 533 1713 nulla
542 1661 686 1713 blessalinte
694 1658 723 1712 fit
733 1661 838 1726 mentio,
846 1680 893 1712 nec
901 1699 908 1726 ,
917 1673 1007 1732 praeter
1015 1679 1097 1712 uuum
1104 1660 1155 1713 Po·

74 1743 178 1816 lybium
189 1783 197 1808 ,
209 1743 367 1814 reliquorum
376 1741 540 1796 libertorum:
549 1743 642 1796 deiude
660 1742 763 1796 Claudii
780 1743 815 1795 ibi
832 1742 919 1796 laudes
937 1743 1108 1815 reperiuntur,
1122 1741 1153 1793 de

73 1829 169 1900 quibus
182 1840 269 1880 tamen
281 1827 338 1879 silet
348 1827 400 1880 Dio
414 1827 513 1880 Cassius
523 1868 530 1894 ,
543 1829 587 1898 qui
598 1830 710 1902 prolecto
720 1827 769 1881 boc
781 1847 834 1881 uon
845 1827 1057 1899 pretermisisset,
1068 1847 1155 1898 quan-

76 1911 221 1983 doquidem
231 1931 263 1963 eo
275 1930 369 1964 novam
378 1925 464 1965 nactus
472 1925 534 1965 essct
542 1912 691 1980 materiam,
702 1913 837 1976 Senecam,
848 1925 976 1966 auctorem
985 1911 1155 1985 apocololyn·

75 2007 187 2055 tuscos,
212 1993 353 2048 loedissimo
373 1995 489 2047 convicio
507 1994 694 2068 proscindendi.
713 1995 803 2066 Neque
822 2015 881 2047 vero
892 1995 968 2066 objici
992 1993 1080 2058 debet,
1100 1992 1155 2046 lues:

74 2079 167 2130 omnin
182 2077 213 2130 in
224 2078 307 2150 priore
318 2091 386 2151 perte
400 2077 596 2142 Consolationis,
611 2099 680 2132 nuuc
690 2079 786 2152 perdita
797 2119 805 2146 ,
817 2079 969 2146 occurrisse,
981 2098 1060 2149 quum
1075 2077 1156 2129 cuivis

76 2161 198 2214 libellum
212 2181 266 2214 non
281 2163 371 2235 cupide
382 2162 522 2236 perlegenti
536 2162 698 2216 manifestum
715 2163 764 2230 sit,
782 2177 836 2216 tum
853 2163 973 2216 er'initio
989 2163 1034 2215 illo
1051 2161 1156 2215 nonnisi

76 2266 207 2320 perpauca
218 2267 298 2318 eaque
313 2248 430 2301 introitus
445 2268 505 2321 ergo
523 2249 602 2322 posita
614 2249 733 2321 periisse,
746 2261 800 2300 tum
813 2269 873 2300 vero
889 2249 964 2300 etiam
981 2248 1066 2301 locum
1080 2268 1156 2318 quam

76 2334 192 2385 maxime
203 2333 326 2385 idoneum
333 2347 358 2386 et
365 2333 508 2386 Messalinae
515 2332 641 2385 etlibertis
651 2331 891 2386 Claudiilaudanclis
899 2345 954 2405 post
960 2331 1062 2384 Claudii
1069 2331 1156 2384 laudes

78 2437 132 2470 esse
143 2417 270 2474 debuisse.
283 2418 340 2470 lIoc
349 2437 394 2488 per
403 2438 429 2470 se
439 2431 519 2491 patet,
537 2430 560 2470 et
574 2416 711 2470 erratione
724 2428 838 2468 veterum
845 2415 946 2488 vulgata
961 2416 1157 2469 Consolationes

77 2501 272 2575 componendi,
286 2515 314 2554 ut
324 2501 444 2554 videlicet
459 2500 586 2574 praeceptis
600 2501 681 2574 prior,
692 2500 810 2574 exemplis
821 2499 946 2552 secundus
961 2502 1031 2556 locus
1044 2500 1160 2574 plerum-

77 2605 129 2656 que
141 2605 158 2636 a
170 2585 316 2639 Rhetorica
328 2585 472 2638 doctoribus
483 2585 634 2638 tribueretur
646 2586 690 2652 (v.
702 2585 805 2638 Consol-
824 2584 864 2636 ud
880 2583 1014 2638 Marcium
1026 2605 1057 2651 2,
1073 2587 1115 2652 r),
1130 2583 1165 2636 in-

75 2670 171 2723 ocnlos
180 2690 208 2722 se
217 2669 318 2742 ingerit.

115 2755 240 2808 Ceterum
257 2769 308 2808 tam
323 2756 444 2829 cupidum
464 2776 505 2807 mc
522 2775 577 2807 nou
593 2773 644 2806 esse
660 2753 816 2826 pronuntio,
835 2765 863 2805 ut
877 2773 978 2827 prorsus
997 2755 1161 2826 negaverim,

77 2837 185 2891 nullum
196 2837 275 2890 talem
287 2837 380 2890 librum
390 2858 405 2890 a
415 2839 511 2891 Seneca
523 2858 576 2891 esse
586 2837 752 2910 compositum
764 2877 771 2901 ,
782 2836 881 2907 qualern
892 2837 944 2890 Dio
955 2837 1054 2892 Cassius
1062 2861 1161 2894 memo-

78 2922 158 2974 rarit.
171 2923 363 2995 Peropportune
374 2923 444 2976 enim
457 2942 555 2975 memor
566 2942 622 2974 sum
631 2920 763 2974 sententiae
774 2941 788 2973 a
800 2921 898 2974 Seneca
906 2922 1008 2995 prolatae
1020 2924 1075 2990 (De
1089 2926 1161 2978 Con-

81 3010 186 3059 stantia
199 3005 343 3075 Sapientis,
355 3028 412 3074 cap.
426 3008 471 3073 ιζ,
486 3011 518 3070 nl
529 3024 536 3058 ε
548 3027 560 3052 c
573 3005 644 3074 Quid
656 3005 734 3077 ergo?
745 3005 850 3077 Sapiens
861 3027 914 3057 non
926 3007 1028 3060 accedet
1036 3009 1068 3060 ad
1076 3011 1159 3074 sores,

82 3113 97 3136 a
109 3111 176 3162 quas
189 3092 267 3144 durus
276 3092 369 3162 janitor
379 3091 497 3143 obsidet?
508 3089 552 3142 llle
564 3110 641 3153 vero,
654 3089 674 3141 si
685 3109 725 3140 res
736 3089 874 3141 necessaria
885 3091 1000 3155 vocabit,
1012 3092 1160 3164 experietur,

84 3195 97 3220 υ
112 3189 139 3227 et
156 3174 250 3238 illum,
262 3173 376 3245 quisquis
388 3173 450 3238 erit,
464 3184 584 3244 tanquam
596 3192 684 3225 canem
704 3192 800 3237 acrem,
820 3173 918 3242 objecto
933 3173 990 3226 cibo
1008 3174 1099 3238 leniet,
1114 3195 1161 3227 uec

84 3279 97 3304 υ
113 3254 305 3330 indignabitur,
318 3255 416 3324 aliquid
429 3254 588 3328 impendere,
601 3267 630 3307 ut
642 3253 723 3306 limen
735 3267 858 3322 trauseat,
872 3255 986 3328 cogitans
999 3257 1061 3310 etin
1077 3258 1162 3332 ponti-

83 3367 97 3390 »
111 3343 162 3394 bns
172 3341 327 3413 quibusdam
339 3361 382 3412 pro
393 3339 498 3394 transitu
510 3338 594 3392 dari.»
606 3338 671 3406 Qum
680 3337 700 3390 si
714 3337 745 3388 ad
756 3337 877 3389 miserum
884 3337 943 3390 vitae
954 3352 1061 3406 statum,
1074 3359 1124 3410 quo
1135 3341 1163 3393 in

81 3429 194 3482 Corsica
214 3425 367 3500 augebatur,
389 3427 544 3492 reseramus,
565 3423 630 3476 nulli
652 3423 833 3486 dubitabimus,
856 3422 916 3491 quin
937 3424 1111 3498 praeclarsrum
1135 3427 1163 3479 iu

83 3503 197 3564 Cdnsol.
211 3510 243 3562 ad
256 3509 331 3562 Helv.
340 3509 525 3563 occurrentium
537 3507 716 3560 sententiarum
729 3526 827 3579 prorsus
839 3506 982 3573 immemor,
997 3508 1095 3580 sibique
1106 3509 1163 3562 idco

83 3617 142 3649 nou
155 3595 217 3649 satis
228 3608 354 3660 consum,
364 3595 503 3666 quovisque
512 3593 592 3667 pretio
600 3592 738 3645 libertatern
749 3591 932 3665 redempturus,
942 3591 1055 3645 libellum
1065 3594 1138 3646 illum
1150 3615 1164 3646 a

83 3681 178 3732 Dione
188 3678 293 3749 ejusque
304 3677 466 3749 epitomatore
478 3676 614 3749 Xipbilino
629 3676 684 3746 (qui
698 3674 761 3728 adeo
773 3674 855 3746 plures
866 3673 965 3727 libellos
974 3675 1164 3742 laudationum,

82 3767 204 3830 ἐγκώμια,
217 3783 246 3814 ex
257 3782 309 3814 uno
321 3762 429 3828 Diouis,
442 3774 470 3814 ut
480 3758 537 3813 fieri
547 3760 621 3828 solet,
634 3757 769 3822 conflavit,
782 3779 805 3832 p.
818 3757 900 3826 694),
914 3773 1082 3812 memoratum
1090 3763 1167 3812 'com-

83 3847 168 3900 mode
180 3846 362 3918 conscripserit.

121 3931 184 3985 Nisi
196 3932 280 4005 itaque
291 3933 378 3985 omnia
387 3951 428 3984 me
442 3930 552 3994 fallunt,
566 3931 594 3982 in
606 3949 661 3982 eam
673 3929 823 3982 senteutiam
837 3930 958 3982 inclinem
971 3944 1045 4000 atque
1061 3949 1166 4000 propen-

85 4015 169 4068 deem
180 4034 279 4066 necesse
290 4025 326 4066 est
334 4051 341 4077 ,
350 4025 379 4065 nt
387 4012 474 4065 libello
484 4011 636 4065 laudationis
645 4012 692 4065 isto
700 4012 817 4088 prodito,
828 4013 911 4066 nullus
921 4013 948 4065 in
960 4013 1167 4085 Senecaescriptis

85 4097 223 4168 hodieque
235 4109 324 4160 exstet,
338 4097 370 4150 ad
385 4115 460 4169 quem
472 4096 566 4149 Dionis
579 4095 658 4149 Cassii
670 4096 740 4150 locus
752 4108 961 4150 commemoratus
973 4095 1060 4148 reduci
1071 4095 1165 4169 possit:

85 4196 181 4236 nostra
191 4203 253 4235 vero
264 4182 413 4236 Consolatio
422 4183 452 4235 ad
467 4181 559 4254 Polyb.
571 4182 603 4234 ab
614 4181 664 4234 alio
676 4182 796 4255 quopiam
808 4181 881 4235 nobis
891 4181 965 4253 plene
977 4179 1107 4253 incognito
1121 4179 1167 4236 ho-
