2966 4948
278 447 343 488 nm
415 416 483 484 AD
509 413 788 484 POLYBIUM
812 413 1185 485 CONSOLATIO.

277 550 382 617 multa
395 572 465 616 non
479 548 611 615 licent.
632 546 795 615 Omnium
810 545 926 615 domos
939 545 1032 613 illius
1045 545 1161 638 vigilia
1177 545 1348 626 defendit,

277 666 426 734 omnium
440 666 547 732 otium
561 662 653 730 illius
671 660 781 743 labor,
797 663 947 730 omnium
966 659 1105 730 delicies
1119 660 1211 730 illius
1228 658 1354 728 indus-

277 785 362 866 trie,
381 781 531 850 omnium
544 779 754 848 vacationem
768 777 860 846 illius
872 779 1062 871 occupatio.
1077 781 1130 846 ¹Ex
1142 801 1211 870 quo
1224 801 1262 846 se
1276 780 1354 848 Cae-

276 924 332 968 sar
357 899 433 968 orbi
462 914 630 966 terrarum
656 892 846 977 dedicavit,
872 894 938 962 sibi
967 895 1095 988 eripuit
1111 921 1118 960 :
1134 909 1169 962 et
1200 893 1354 966 siderum

276 1013 405 1096 modo¹,
418 1035 493 1105 quae
504 1011 692 1102 irrequieta
700 1033 834 1103 semper
843 1033 962 1078 cursus
975 1033 1054 1078 suos
1067 1009 1356 1102 explicant,‚nun·

277 1155 377 1224 quam
391 1129 442 1198 illi
456 1128 537 1196 licet
546 1151 613 1196 nec
624 1126 822 1208 subsistere,
835 1149 900 1194 nec
913 1124 1101 1218 quidquam
1110 1150 1208 1194 suum
1222 1126 1351 1194 lacere.

276 1247 334 1318 Ad
348 1245 518 1340 quendam
531 1247 647 1337 itaque
661 1239 798 1312 modum
811 1243 874 1311 tibi
888 1267 1026 1335 quoque
1036 1243 1156 1314 eedem
1168 1245 1356 1312 necessitas

277 1365 470 1459 injungitur
485 1387 492 1432 :
508 1385 576 1429 non
596 1361 676 1429 licet
689 1359 751 1428 tibi
765 1357 809 1426 ad
824 1358 987 1428 utilitates
1002 1374 1096 1442 tuas,
1114 1358 1159 1428 ad
1171 1360 1356 1428 studiatua

277 1482 462 1576 respicere.
481 1480 614 1546 Caesere
629 1476 746 1544 orbem
761 1490 930 1544 terrarum
949 1476 1163 1570 possidente,
1182 1478 1354 1570 impartiri

279 1593 326 1668 te³
341 1596 598 1688 necrolupteti,
613 1617 679 1662 nec
688 1591 819 1675 dolori,
831 1615 896 1660 neo
908 1593 969 1662 ulli
982 1593 1041 1662 alii
1053 1596 1104 1663 rei
1119 1609 1232 1690 potet:
1244 1609 1355 1664 toturn

278 1731 311 1782 te
328 1712 453 1782 cesari
469 1709 585 1778 debes.
607 1707 726 1800 Adjice
740 1732 850 1789 nunc,
866 1706 980 1800 quod,
999 1733 1104 1800 quum
1118 1731 1255 1804 semper
1267 1734 1356 1802 prae·

279 1832 372 1900 dices
384 1829 550 1898 cariorem
563 1822 626 1893 tibi
640 1826 764 1918 spiritu
773 1840 831 1892 tuo
843 1825 1010 1894 Caesarem
1023 1847 1117 1910 esse,
1136 1826 1186 1894 fas
1206 1826 1269 1894 tibi
1284 1852 1354 1896 non

280 1962 353 2028 cst,
372 1942 463 2012 salvo
478 1943 625 2021 Caesare,
643 1940 686 2007 de
701 1939 838 2008 fortuna
851 1940 963 2030 queri.
981 1943 1054 2008 Hoc
1067 1940 1251 2023 incolumi,
1269 1943 1356 2010 salvi

281 2060 344 2127 tibi
362 2076 441 2127 sunt
460 2058 529 2140 tui3
551 2049 639 2124 nibil
659 2053 862 2148 perdidisti3
884 2079 953 2124 non
970 2070 1100 2124 tantum
1115 2056 1222 2124 siccos
1239 2059 1357 2126 oculos

282 2194 358 2245 tuos
371 2198 457 2256 esse,
474 2172 648 2242 sedetiam
662 2171 756 2240 laetos
770 2185 920 2264 oportet3
933 2171 970 2238 in
979 2171 1045 2240 boc
1054 2171 1117 2240 tibi
1130 2174 1245 2241 omnia
1253 2190 1351 2241 sunt:

282 2291 341 2359 hic
353 2315 415 2385 pro
430 2289 586 2357 omuibus
599 2302 661 2356 est.
679 2284 785 2379 Quod
802 2285 904 2378 longe
917 2309 938 2353 a
951 2287 1106 2356 sensibus
1119 2289 1186 2356 tuis
1198 2287 1356 2382 pruden-

282 2405 419 2484 tissimis
438 2403 665 2497 piissimisque
683 2399 781 2468 abest
796 2393 825 2486 ⁴,
847 2398 1009 2469 adversus
1037 2399 1231 2468 felicitatem
1260 2417 1353 2470 nram

283 2545 403 2614 parum
428 2535 543 2613 gratus
569 2541 627 2602 es,
655 2518 684 2583 si
713 2515 776 2582 tibi
802 2515 1011 2608 quidquem,
1039 2513 1106 2586 boc
1129 2517 1245 2597 salvo,
1272 2501 1376 2586 llere

283 2642 453 2736 permittis
466 2633 491 2707 ⁵.
504 2638 701 2708 Monstrabo
714 2638 909 2706 etiamnunc
922 2661 992 2706 nou
1005 2637 1144 2730 quidem
1158 2639 1292 2708 firmius
1307 2663 1357 2706 re-

283 2758 453 2842 medium,
466 2756 528 2828 sed
542 2755 752 2825 familiarius.
767 2755 803 2822 si
817 2754 953 2846 quando
967 2771 1001 2824 te
1014 2753 1152 2824 domum
1166 2759 1354 2850 receperis,

285 2892 367 2943 tunc
385 2873 453 2942 erit
474 2871 537 2938 tibi
556 2865 737 2937 metuenda
756 2869 915 2955 tristitia,
939 2895 1018 2940 nam
1042 2872 1206 2963 quamdiu
1229 2899 1357 2943 numen

287 3009 382 3062 tuum
404 2988 612 3069 intueberis,
637 2985 770 3053 nullum
788 2984 847 3054 ille
864 2985 909 3054 ad
927 3002 961 3055 te
981 2989 1135 3057 inveniet
1153 3014 1352 3058 accessum:

288 3109 399 3178 omnia
412 3108 449 3174 in
460 3121 493 3173 te
503 3106 616 3172 Caesar
625 3101 775 3170 tenebit:
790 3127 895 3194 quum
908 3102 952 3170 ab
965 3100 1023 3172 illo
1036 3103 1245 3188 discesseris,
1259 3123 1355 3190 nanc,

289 3343 371 3384 terum
394 3329 496 3396 epicis<
507 3325 583 3378 totius
598 3323 642 3376 ille
660 3335 697 3376 est
712 3322 800 3395 geuui-
881 3323 1186 3392 &immundissimi
1198 3324 1358 3398 tuialiquam

290 3427 338 3460 nas
349 3423 452 3460 tentus:
465 3403 530 3457 mibi
540 3402 641 3455 ridetur
652 3399 799 3454 nouaclum
848 3415 942 3474 partem
954 3404 1100 3458 concedere.

290 3484 375 3538 fabule
394 3481 490 3535 narrari
508 3481 593 3544 Atlas,
606 3479 676 3550 cuius
686 3477 800 3530 bumaria
881 3481 905 3546 i.
920 3481 1002 3553 Quod
1009 3485 1109 3553 longe...
1119 3481 1296 3537 atestttortio
1304 3481 1358 3538 bec

291 3561 403 3615 mundus
415 3559 545 3620 innititur,
558 3558 602 3611 sed
613 3557 688 3609 video
699 3574 800 3626 quoque
849 3562 944 3635 phrasis
955 3565 1087 3617 referenda
1097 3575 1134 3618 est
1145 3565 1284 3634 adponam
1290 3583 1364 3634 gro-

293 3631 801 3704 causmnestrumfimmcfflolybium)
851 3653 945 3710 tusce,
962 3643 995 3695 its
1018 3655 1046 3696 ut
1062 3656 1114 3697 tota
1130 3643 1255 3696 sententie
1274 3645 1309 3697 ita
1334 3665 1359 3697 se

293 3718 422 3771 Atlantem
440 3732 529 3766 verum
541 3731 593 3764 non
608 3710 759 3763 fabulosam.
851 3719 940 3772 habeat
950 3721 992 3786 :Si
1005 3720 1128 3775 incolumi
1141 3722 1256 3788 Caere,
1267 3722 1360 3794 aliquis

330 3817 351 3848 ι.
360 3797 411 3848 Cui
418 3795 533 3845 omnia-u
544 3809 595 3842 mn
604 3791 688 3842 licen!-
696 3785 740 3838 Sit
750 3787 801 3838 sere
843 3809 874 3850 te
890 3797 963 3852 dolor
973 3797 1098 3866 alliceret,
1117 3799 1223 3872 Polybi,
1246 3800 1360 3874 ingratus

293 3872 425 3928 Sallustius
432 3869 521 3922 Catil-z
534 3867 583 3918 «m
596 3866 625 3917 in
640 3865 802 3917 mutuatur·
851 3875 932 3939 lorea,
950 3875 1019 3946 quod
1034 3877 1125 3931 vitium
1144 3877 1172 3930 in
1186 3889 1209 3930 te
1226 3891 1279 3929 um
1296 3899 1361 3952 pru-

294 3947 485 4016 terminium
494 3943 596 3998 licentia
606 3955 672 3995 est»
759 3961 766 3968 '
853 3954 922 4007 denti
942 3955 1015 4017 viro,
1030 3969 1082 4008 tam
1098 3956 1290 4030 pio,suspicari
1308 3978 1360 4012 non

328 4025 472 4079 estatem
481 4019 803 4076 modo.NuttrasClte'm’er:
853 4034 919 4088 licet

294 4127 572 4183 reprimentiaque
581 4132 642 4163 sum
650 4121 699 4160 ινα
707 4129 804 4158 nomt.
887 4115 909 4164 5.
921 4111 983 4165 Tibi
989 4115 1128 4182 permittis.
1140 4113 1321 4168 Gallicismum
1330 4114 1360 4166 si·

453 4213 538 4262 τιιὶιι,
548 4213 591 4252 tet.
601 4209 621 4248 tt
634 4208 695 4260 ,nte
705 4207 747 4247 aa.
854 4189 1065 4243 miltmbabemus
1072 4231 1080 4260 ,
1088 4201 1360 4266 nempetepermettre.
