2954 4926
283 427 350 494 sss
615 411 689 496 on
714 427 1025 498 sunericus

281 559 372 624 cium
399 578 467 623 non
494 553 618 640 debes,
644 561 740 649 cujus
757 560 860 628 vitam
885 575 950 627 tuae
969 558 1134 654 praefers?
1153 555 1361 630 Etiamnunc

281 685 389 767 quu'm
398 673 507 742 lilium
517 693 611 744 tuum
626 678 777 759 servavi,
794 677 837 746 ad
854 701 966 772 genua
978 677 1193 771 procumbis,
1206 677 1274 746 diis
1283 698 1362 748 vota

241 819 257 872 5
282 794 403 876 solvis,
419 790 579 886 uinquam
589 793 661 887 ipse
671 811 836 863 servatus.
848 794 919 863 Illae
934 819 1034 864 voees
1049 812 1174 864 exeunt
1193 799 1260 868 tibi
1278 825 1287 866 ι
1303 801 1363 866 Ni·

281 911 333 978 hil
349 911 509 996 interest,
528 933 601 980 mea
618 935 662 979 an
679 935 733 979 me
748 911 958 995 servaveris,
975 910 1060 980 duos
1074 915 1215 982 servasti
1231 941 1239 981 ε
1257 916 1372 994 immo¹

282 1051 336 1094 me
348 1030 468 1121 magis.
488 1027 606 1118 Quare
622 1030 686 1095 ists
697 1027 795 1112 dieis,
809 1028 837 1094 si
851 1052 920 1095 non
934 1027 1060 1120 accipis
1072 1026 1281 1098 beneficium
1293 1033 1362 1098 ἱ)-

286 1169 302 1204 n
314 1141 406 1234 Quia
419 1159 454 1209 et
465 1143 494 1209 si
504 1141 595 1209 filius
610 1165 705 1209 meus
718 1143 898 1234 pecuniam
912 1157 1062 1209 mutuam
1075 1145 1274 1236 sumpserit,
1290 1167 1363 1211 cre-

283 1257 385 1327 ditori
401 1259 612 1343 numerabo,
632 1283 702 1327 non
721 1274 834 1327 tamen
849 1256 927 1325 ideo
946 1281 1011 1350 ego
1029 1256 1182 1327 debuero
1202 1287 1210 1328 :
1231 1262 1315 1353 quia
1328 1279 1362 1329 et

283 1375 312 1440 si
329 1375 421 1442 filius
435 1399 530 1443 mens
545 1377 580 1442 in
594 1373 763 1444 adulterio
781 1375 1020 1468 deprehensus
1029 1377 1116 1459 erit,
1139 1376 1358 1463 erubescam,

242 1521 259 1572 6
284 1503 354 1559 non
375 1490 453 1560 ideo
479 1517 543 1586 ego
571 1517 629 1560 ero
656 1490 802 1560 adulter.
830 1490 915 1560 Dico
933 1515 987 1560 me
1011 1493 1075 1560 tibi
1094 1466 1283 1586 obligatum
1301 1519 1362 1587 pro

284 1605 376 1690 filio,
400 1633 469 1676 non
484 1610 562 1701 quis
579 1635 674 1690 sum,
697 1607 757 1677 sed
771 1610 852 1702 quia
869 1609 945 1678 volo
964 1633 1018 1676 me
1037 1608 1161 1678 offerre
1179 1609 1244 1677 tibi
1266 1610 1364 1678 debi-

283 1736 390 1794 torem
406 1721 646 1794 voluntarium.
663 1711 707 1793 At
726 1727 881 1819 pervenit
894 1722 1007 1794 adme
1021 1747 1149 1794 summe
1167 1750 1209 1793 ex
1225 1727 1364 1794 incolu-

277 1843 399 1910 'mitute
413 1843 488 1934 ejus
501 1842 677 1935 voluptas,
695 1867 823 1910 summa
837 1840 988 1925 utilitas,
1005 1859 1039 1910 et
1052 1841 1208 1910 orbitatis
1226 1842 1362 1937 gravis-

283 1961 405 2027 simum
428 1959 553 2028 vulnus
577 1961 696 2053 effugi.
718 1963 794 2027 Non
809 1963 973 2062 quaepitur
993 1982 1103 2043 nunc,
1126 1985 1170 2028 au
1191 1961 1364 2052 profueris

283 2077 388 2158 mihi,
404 2074 517 2144 sedan
530 2076 738 2145 beneficium
751 2075 906 2162 dederis,
919 2076 1059 2170 prodest
1070 2075 1161 2145 enim
1172 2094 1207 2145 et
1219 2077 1361 2159 animal,

284 2211 319 2260 et
337 2191 442 2286 lapis,
469 2207 504 2260 et
527 2192 665 2261 herba:
688 2219 752 2262 nec
778 2210 892 2262 tamen
919 2193 1123 2262 beneficium
1144 2193 1249 2276 dant,
1271 2193 1366 2287 quod

245 2353 257 2396 t
285 2329 459 2403 nunquam
476 2308 589 2392 datur,
607 2311 672 2378 nisi
688 2337 708 2380 a
725 2312 871 2380 volente.
891 2313 947 2379 Tu
966 2329 1079 2380 autem
1097 2335 1166 2379 non
1184 2313 1234 2380 vis
1250 2315 1362 2404 patri,

286 2424 346 2493 sed
363 2424 435 2493 filio
452 2424 534 2492 dare
554 2451 560 2490 :
579 2425 614 2492 e't
629 2427 765 2493 interim
789 2437 833 2494 ne
857 2428 947 2494 nosti
963 2422 1103 2520 quidem
1122 2443 1268 2520 patrem.
1290 2429 1366 2494 Ita«

286 2565 353 2634 que
363 2567 469 2634 quum
481 2541 626 2624 dixeris,
639 2545 730 2611 Patri
741 2567 823 2636 ergo
834 2543 1039 2611 beneficium
1054 2567 1126 2610 non
1140 2540 1239 2625 dedi,
1253 2542 1365 2611 lilium

286 2661 360 2752 ejus
385 2657 577 2729 servando?
601 2677 719 2729 contra
743 2686 899 2755 oppone,
925 2662 1019 2730 Patri
1047 2683 1129 2754 ergo
1156 2660 1365 2728 beneficium

287 2775 388 2858 dedi,
409 2782 510 2868 q'uem
528 2801 597 2844 non
614 2779 715 2858 novi,
734 2802 836 2869 quem
850 2801 920 2844 non
934 2778 1106 2870 cogitavi?
1119 2779 1161 2844 Et
1173 2772 1260 2868 quid
1272 2773 1365 2868 quod

287 2891 469 2983 aliquando
482 2893 613 2972 evenit,
631 2909 669 2959 ut
683 2909 814 2985 patrem
828 2892 962 2976 oderis,
980 2892 1088 2959 filium
1103 2915 1217 2962 serves
1234 2919 1241 2958 :
1258 2892 1367 2960 bene-

287 3009 403 3076 ficium
423 3009 455 3076 ei
474 3007 648 3076 videberis
667 3008 823 3090 dedisse,
842 3011 898 3077 cui
913 3025 995 3078 tunc
1008 3011 1261 3078 inimicissimus
1275 3033 1364 3088 eras,

247 3141 262 3191 8
289 3148 394 3216 quum
406 3121 1178 3217 daresi’n—Sedut,dialogorumaltercatione
1191 3125 1364 3215 'seposita,

289 3256 448 3332 tanquam
454 3241 719 3332 juristonsultus
729 3239 953 3336 respondeam
962 3245 990 3323 ²,
1005 3264 1100 3308 mens
1115 3237 1301 3334 spectanda
1315 3255 1368 3305 est

325 3459 345 3492 1.
359 3441 537 3509 ,Dialogornm
551 3445 717 3495 altercatione
731 3461 801 3508 sepo
885 3460 908 3490 a.
925 3439 1110 3508 Respondeant
1119 3459 1127 3490 .·
1137 3439 1216 3492 iuiste
1231 3439 1299 3492 banc
1312 3439 1368 3492 Ju-

289 3525 348 3572 sita.
361 3521 415 3572 Hae
427 3520 488 3572 inde
498 3539 512 3570 a
524 3519 633 3572 Socratis
642 3531 753 3592 tempore
763 3519 802 3570 usi
852 3515 1060 3570 risconsultorum
1070 3533 1158 3572 vocem
1174 3518 1304 3588 propriam
1315 3556 1324 3582 ‚
1336 3517 1368 3568 de

289 3610 347 3651 sunt
370 3595 532 3671 philosophi,
555 3599 704 3669 magistrum
728 3596 802 3648 illuns
853 3596 920 3666 jure,
937 3616 956 3650 s.
976 3595 1015 3666 jus
1031 3595 1183 3667 respondere
1201 3608 1307 3648 snnstst
1328 3595 1368 3646 Οἱ

289 3694 363 3728 suum
387 3675 579 3728 celeberrimum
597 3675 722 3745 sequuti:
744 3695 803 3728 uam
852 3672 954 3726 Ernesti
971 3672 1011 3723 (ΖΙ.
1029 3671 1082 3724 Cic.
1095 3671 1120 3724 b.
1136 3693 1160 3724 v.
1177 3673 1267 3724 Utitur
1284 3685 1368 3725 entem

290 3753 374 3806 omnis
392 3759 443 3806 sere
458 3752 667 3826 pbilosophorum
687 3752 777 3804 domus
789 3773 804 3804 a
853 3750 900 3802 bac
914 3748 1046 3820 imagine,
1065 3750 1187 3819 quonium
1200 3751 1247 3821 qui
1258 3771 1369 3823 respun-

291 3837 396 3885 Socrate
408 3833 534 3904 originem
543 3851 613 3885 suam
623 3831 805 3905 ducit:quippe
854 3833 945 3890 derunt
954 3832 1135 3885 lvuisconsnlti
1147 3834 1270 3886 formulas
1280 3834 1369 3908 leges-

232 3920 234 3928 ‘
290 3931 365 3982 quem
387 3912 479 3963 scimus
498 3910 606 3984 dialogis
624 3910 806 3984 interrogatio·
853 3929 903 3979 que
915 3909 1135 3977 lausannensis:
1146 3924 1260 3964 cantores
1271 3914 1369 3966 formu-

292 3987 417 4056 nibusque
429 3987 518 4042 docere
530 3987 632 4040 solitum
643 3988 805 4040 fuissentne
855 3989 937 4039 larum
949 3987 1066 4061 appellati
1078 3994 1153 4054 sunt)
1166 4027 1174 4054 ,
1193 4003 1269 4062 atque
1290 3993 1368 4055 ideo,

291 4067 354 4118 ndco
362 4067 587 4139 interrogationem
593 4087 637 4140 pro
643 4067 804 4120 conclusione
857 4065 959 4118 nemine
972 4067 1175 4132 contradicente,
1186 4069 1295 4120 sensilia
1305 4089 1349 4122 sua
1361 4109 1368 4132 ,

290 4145 317 4196 in
332 4165 379 4196 usu
394 4145 468 4198 luisse
487 4165 560 4218 supra
579 4145 693 4220 plurimis
706 4146 733 4198 in
744 4146 805 4206 locis
856 4155 974 4212 tanquam
989 4165 1001 4196 e
1015 4145 1124 4216 tripode,
1136 4145 1233 4199 duent.
1248 4146 1369 4200 Colorem

290 4221 408 4274 vidimus.
855 4222 975 4276 orationis
1003 4224 1109 4297 proinde
1132 4225 1370 4296 lurisprudentiuuv
