2966 4948
295 427 361 494 360
624 425 694 494 DE
715 425 1025 497 reuertens

292 557 448 626 ultimum
465 557 567 626 linem
582 559 634 626 sui
649 581 763 626 seeum
776 557 901 646 affert3
917 557 1011 652 qnod
1026 557 1197 628 antecedit
1210 573 1353 652 tempus,
1470 605 1471 648 p

293 671 434 740 maxima
452 670 587 740 venturi
605 669 763 763 supplicii
780 695 860 764 pars
879 688 932 741 est
950 698 958 738 :
978 673 1026 739 ita
1043 671 1150 763 major
1167 687 1219 738 est
1236 695 1356 738 mnne-
1470 653 1471 680 ¹

253 793 270 860 l
293 787 341 854 ris
358 786 497 879 gratia',
513 808 581 877 quo
600 787 713 854 minus
728 785 788 855 diu
803 785 979 880 pependit.
999 791 1058 856 Est
1079 789 1169 856 eninr
1191 786 1356 855 bonarum

294 904 395 972 etiam
412 925 527 970 rerum
546 901 698 972 sollicitis
715 905 923 996 exspectatio
942 906 1085 999 gravis’3
1106 919 1141 972 et
1158 929 1264 996 quum
1283 905 1358 997 plu·

293 1021 378 1088 rima
396 1018 563 1086 beneficia
581 1017 770 1088 remedium
788 1019 932 1113 alicujus
949 1021 1001 1088 rei
1020 1020 1190 1103 aflerant,
1220 1021 1280 1112 qui
1301 1036 1359 1088 aut

294 1132 421 1200 diutius
439 1132 591 1224 torqueri
607 1133 762 1226 petitur,
779 1156 881 1226 quem
895 1135 1050 1227 protinus
1066 1147 1177 1227 potest
1195 1133 1356 1216 liberare,

294 1266 353 1318 aut
368 1247 518 1344 gaudere
540 1248 690 1333 tardius,
711 1249 880 1319 beneficio
900 1275 960 1318 suo
979 1273 1097 1318 manus
1112 1249 1222 1320 affert.
1239 1249 1359 1319 Omnis

295 1363 487 1456 benignitas
501 1379 661 1457 properat
679 1389 687 1430 :
703 1379 739 1432 et
754 1364 929 1458 proprium
947 1380 999 1432 est
1016 1362 1163 1431 libenter
1180 1362 1357 1444 facientis,

295 1481 362 1549 cito
377 1481 501 1549 facere.
521 1479 592 1571 Qui
607 1479 725 1565 tarde,
743 1495 778 1548 et
794 1479 883 1548 diem
898 1467 941 1550 de
955 1479 1011 1550 die
1025 1479 1205 1550 extrahens
1217 1479 1356 1571 profluit,
1472 1537 1473 1544 ,

295 1619 365 1664 non
387 1619 426 1663 ex
452 1594 565 1660 animo
590 1592 681 1661 lecit.
702 1595 754 1661 Ita
772 1593 856 1662 duas
872 1617 928 1662 res
950 1595 1109 1662 maximas
1124 1590 1302 1686 perdidit,
1328 1607 1361 1658 et

295 1725 451 1801 tempus,
471 1722 507 1774 et
519 1720 755 1800 argumentum
776 1707 891 1775 amicae
905 1706 1106 1794 voluntatis3
1128 1704 1224 1774 tarde
1245 1705 1358 1788 velle,
1472 1717 1473 1720 ’

297 1818 546 1898 nolentisest³.
1259 1811 1262 1817 ¹

345 1946 404 2013 Vl.
429 1946 470 2011 In
488 1945 579 2014 omni
597 1945 760 2039 negotio,
779 1945 973 2028 Liberalis,
999 1969 1069 2014 non
1088 1945 1224 2015 minima
1248 1944 1361 2038 portio
1473 1987 1474 1998 κ

297 2075 368 2143 est,
384 2058 550 2152 quomodo
566 2059 719 2154 quidque
732 2076 792 2130 aut
807 2061 960 2144 dicatur,
978 2077 1038 2130 aut
1054 2063 1134 2149 fiat3
1151 2059 1296 2128 multum
1310 2082 1362 2127 ce·
1473 2097 1474 2108 ι

297 2174 413 2244 leritas
431 2176 531 2261 lecit,
548 2178 691 2246 multum
710 2176 849 2246 abstulit
863 2201 969 2246 mora.
985 2179 1080 2247 Sient
1092 2179 1129 2244 in
1150 2175 1227 2243 telis
1244 2172 1362 2242 eadem
1473 2197 1474 2208 ¹

278 2291 379 2359 ¹ferri
397 2293 449 2361 vis
470 2309 522 2361 est
540 2317 548 2360 :
567 2291 628 2362 sed
646 2293 817 2362 inlinitum
840 2294 1001 2376 interest,
1027 2310 1142 2362 utrum
1162 2314 1302 2360 excusso
1317 2289 1365 2355 la·

300 2401 416 2478 certo⁴
440 2423 683 2502 torqueantur,
699 2433 744 2477 an
767 2409 906 2478 remissa
928 2433 1031 2478 mann
1047 2407 1188 2478 effluant
1204 2434 1216 2497 3
1231 2403 1364 2500 gladius

300 2522 390 2592 idem
402 2541 438 2592 et
449 2526 608 2619 stringit,
624 2541 659 2594 et
670 2525 852 2594 transforat
866 2553 875 2610 ς
890 2549 991 2617 quam
1003 2547 1120 2618 presso
1129 2521 1274 2590 articulo
1286 2514 1299 2558 ⁵
1312 2543 1366 2588 ve·

301 2644 405 2726 uerit,
420 2643 525 2711 refert
537 2669 544 2708 :
556 2641 646 2711 idem
661 2640 816 2733 estquod
829 2639 941 2726 datur,
954 2641 1014 2710 sed
1027 2643 1180 2722 interest,
1196 2636 1365 2733 quomodo
1474 2621 1475 2636 ¹

303 2754 414 2824 detur.
434 2757 545 2848 Quam
563 2748 704 2840 dulce⁶,
721 2781 822 2848 qrram
833 2756 1019 2849 pretiosum
1033 2769 1101 2839 est,
1118 2755 1146 2820 si
1160 2754 1287 2846 gratias
1301 2750 1366 2820 sibi

341 3025 361 3056 r.
378 3005 425 3056 Ito
435 3009 523 3072 major
535 3016 574 3057 est
591 3008 704 3058 marteris
721 3009 810 3073 grotta
859 3005 995 3074 Martialis,
1006 3007 1094 3084 Epigr.
1103 3009 1150 3060 Vl.
1159 3007 1207 3068 30.
1218 3007 1246 3059 ln
1260 3005 1366 3060 l’oetrm.

305 3083 419 3136 omnium
433 3081 507 3136 codd.
513 3081 587 3135 lectio
596 3095 640 3135 est.
649 3084 812 3138 AtVineeo-
892 3086 938 3138 vl.
950 3087 1021 3138 Aee.
1032 3085 1154 3138 Eandem
1165 3085 1297 3138 materiam
1309 3104 1368 3158 per-

304 3162 353 3214 tius
363 3159 460 3214 Bellov.
473 3159 519 3228 IX,
535 3179 591 3229 107,
602 3161 676 3234 Spee.
691 3162 812 3216 historial.
859 3163 1067 3232 sequitnr‚quem
1076 3161 1367 3237 comparationeadjeete

305 3238 393 3292 hebete
404 3243 443 3291 ito
449 3242 759 3307 majorismtioemunur
766 3249 811 3290 est.
860 3239 1127 3313 illustrat,tegittarum
1138 3261 1237 3314 nempe,
1251 3258 1311 3309 que
1321 3259 1368 3292 re-

339 3333 363 3369 a.
370 3315 761 3386 Sollicitisexspectatr'ogmrr's.
770 3315 813 3368 Sic
861 3318 969 3371 misum
979 3337 1101 3386 manu,an
1111 3338 1212 3372 excurro
1221 3318 1315 3370 lacerto
1320 3329 1367 3368 tor·

306 3395 378 3448 Pinc.
393 3417 407 3448 e
418 3396 492 3449 codd.
503 3397 657 3471 legendnm,
668 3409 813 3452 monetote
861 3409 998 3467 queantur,
1013 3397 1119 3449 minime
1130 3395 1213 3448 simile
1224 3408 1271 3448 est.

307 3475 429 3528 differunt
443 3474 588 3528 coddNee.
603 3475 705 3542 e.Col.,
715 3487 812 3548 preter·
893 3476 917 3539 4.
934 3477 1056 3528 Excusso
1073 3477 1174 3526 lacerto.
1197 3471 1307 3544 Virgilio
1320 3485 1367 3525 est:

224 3615 228 3626 ·
307 3553 812 3623 quamquodgrooisnonhebentdntee:
860 3551 972 3604 adducto
982 3551 1039 3618 lae..
1053 3551 1166 3603 adductis
1175 3549 1366 3604 lacertit.0sid.

306 3633 418 3684 sollicito
426 3629 812 3700 exspectaueCoeterumomnia
860 3629 1025 3693 Heroile,
1035 3629 1081 3693 43:
1097 3628 1316 3681 «Anttremnlnm
1325 3647 1370 3680 ee-

307 3707 404 3778 integra
412 3727 464 3761 esse
476 3708 603 3781 puto,etti
613 3708 640 3760 in
650 3707 812 3776 sequentibus
860 3725 931 3759 eursu
945 3705 1055 3778 jaculum
1070 3707 1168 3759 vibrare
1180 3705 1281 3760 lacerto.
1289 3728 1303 3752 υ

307 3803 408 3856 gnome
417 3784 527 3858 repetite
535 3784 702 3858 suspicionem
710 3803 812 3838 morae
893 3785 917 3836 ⁵.
932 3783 1029 3838 Pressa
1039 3788 1156 3838 animle.
1169 3784 1252 3838 Manu
1269 3783 1329 3838 lorti
1342 3797 1368 3836 et

307 3863 417 3934 possint,
431 3864 603 3938 exmerginali
612 3877 671 3917 nota
681 3864 709 3918 io
719 3877 812 3918 textum
861 3861 961 3924 edecta,
975 3875 1020 3916 ete·

308 3939 441 4012 irrepsisse.
893 3940 1020 4012 &Quam
1028 3941 1256 4005 antecellunt
1266 3941 1367 4013 egregie

341 4017 364 4072 3.
381 4018 468 4072 Tarde
478 4023 543 4074 velle
551 4023 661 4074 mtentts
671 4032 717 4074 est.
729 4020 812 4074 Siroi-
860 4021 925 4073 sacta
933 4021 1018 4072 ellari
1026 4031 1133 4092 possent,
1144 4019 1194 4072 nisi
1201 4018 1290 4071 omnia
1297 4031 1368 4071 nota.

307 4093 363 4146 liter
373 4096 479 4150 l’oltliua
489 4099 568 4170 Syrus
579 4097 643 4168 359:
655 4118 669 4142 ι
678 4096 750 4171 lnopi
762 4097 811 4150 be·
861 4097 972 4150 Unicum
987 4109 1073 4151 tamen
1087 4116 1117 4149 ex
1130 4093 1216 4149 multis
1225 4096 1252 4148 in
1264 4113 1368 4148 nm

308 4173 425 4225 aeficium
437 4174 475 4226 bit
487 4175 544 4240 det,
559 4175 603 4244 qni
615 4175 657 4226 det
668 4175 788 4230 celeriter.
797 4199 810 4224 ι
861 4178 924 4230 riam
942 4183 1068 4245 resume}
1079 4175 1148 4248 joret
1169 4174 1311 4251 exemplum
1328 4193 1368 4226 re·
