2978 4942
187 377 192 394 ⁶
296 440 365 536 492
632 435 701 502 nn
724 433 1067 504 nnnnrrctrs,

295 597 331 640 ee
346 573 505 661 circaque
523 591 559 636 ee
572 567 766 638 cadentium
777 569 895 652 evitat,
914 592 983 636 non
997 567 1181 638 exaudient
1195 587 1290 655 vota,
1306 597 1368 642 nec

294 690 401 760 noetri
419 687 584 756 curioeue.
606 685 712 778 Atqui
726 687 819 756 hunc
835 687 889 754 vie
902 685 1012 755 videri
1030 687 1167 772 colere,
1184 714 1255 758 non
1271 692 1369 759 aliter

293 831 396 900 quam
413 819 611 900 parentem,
632 817 754 897 grato,
777 819 815 872 ut
834 805 975 896 opinor,
995 805 1108 874 animo
1133 832 1141 872 ε
1167 823 1226 875 cut
1246 809 1277 876 ei
1300 833 1368 878 non

291 923 345 992 vit
357 919 468 992 videri
482 935 618 1015 gratus,
641 921 723 1013 quia
741 919 874 990 nullum
896 921 1002 990 habes
1024 921 1117 990 illius
1133 922 1366 1006 beneficium,

294 1037 355 1108 ced
370 1055 403 1107 te
416 1039 518 1106 atomi
532 1052 567 1107 et
579 1039 652 1107 iatae
665 1039 762 1106 mieae
774 1049 783 1084 ¹
804 1053 869 1106 tuae
885 1037 971 1108 torte
985 1062 1026 1107 ac
1041 1055 1169 1108 temere
1183 1039 1370 1134 congloba-

253 1181 270 1235 ³
293 1169 439 1238 verunt,
463 1179 526 1223 cur
545 1153 683 1224 colic'?
702 1155 847 1248 Propter
869 1156 1078 1247 majestatem
1089 1207 1100 1241 ,
1128 1157 1266 1248 inquit,
1296 1157 1369 1250 ejus

294 1269 473 1350 eximiam,
504 1265 782 1361 singularemque
803 1283 972 1337 naturam.
995 1272 1042 1338 Ut
1058 1269 1241 1340 concedam
1269 1269 1333 1338 tihi
1359 1297 1366 1338 :

293 1408 417 1480 nempe
440 1383 507 1454 hoc
525 1385 608 1454 fucit
625 1384 721 1454 nullu
738 1407 826 1478 epe,
847 1385 943 1455 nullo
968 1367 1081 1481 pretio
1108 1385 1282 1456 inductus.
1313 1391 1371 1456 Est

295 1523 378 1594 ergo
396 1497 530 1592 aliquid
547 1521 611 1592 per
628 1499 933 1593 cumputandum,
952 1501 1050 1596 cujut
1069 1516 1102 1569 te
1125 1501 1198 1596 ipsu
1219 1499 1371 1595 dignitus
1475 1547 1476 1604 q

296 1617 390 1686 ducit
402 1642 410 1683 ε
422 1615 460 1682 id
473 1632 525 1684 eet
538 1617 719 1685 honestum
729 1609 756 1684 ³.
773 1615 870 1708 Quid
879 1632 1053 1686 nutantem
1063 1611 1253 1702 bonettiuq
1268 1643 1371 1710 quum
1475 1677 1476 1684 ,

295 1748 430 1827 gratum
446 1757 519 1804 eece
532 1733 662 1826 thujus
673 1733 810 1802 virtutis
822 1737 964 1804 materia
981 1751 1048 1804 tum
1061 1735 1128 1804 late
1141 1751 1253 1829 putet,
1269 1761 1372 1829 quum

295 1851 377 1917 vitu.

345 1967 430 2034 XX.
453 1965 521 2036 Sed
538 1967 628 2036 inest
637 2017 649 2054 ,
671 1968 807 2062 inquit,
826 1969 909 2038 huic
926 1970 1017 2039 hono
1034 1971 1135 2039 etiam
1155 1969 1286 2037 utilitue
1304 1967 1373 2037 uli-

296 2075 510 2174 quttle-Cui
520 2083 612 2151 enim
628 2084 747 2154 virtuti
763 2108 832 2156 nun
845 2077 948 2154 ineet⁵
958 2087 974 2154 Ρ
986 2085 1047 2156 ted
1059 2083 1095 2154 id
1108 2100 1252 2179 propter
1263 2108 1302 2154 ae
1316 2107 1374 2152 ex-
1475 2065 1476 2092 i

297 2320 393 2376 Uiator.
407 2319 487 2374 critic.
496 2318 593 2374 Pltilue.
603 2321 650 2376 Το.
661 2321 687 2385 Ι,
700 2343 724 2396 p.
739 2341 810 2396 ¹²9¹·
858 2323 905 2397 qui
916 2336 946 2378 nt
955 2324 1075 2379 virtutem
1086 2326 1194 2398 probent
1204 2345 1260 2380 non
1272 2337 1374 2399 prepter

335 2421 356 2454 t.
368 2399 455 2453 Mun.
465 2398 552 2452 Aterni
565 2399 723 2453 tenniatinti:
736 2401 811 2468 ἄτομα
858 2420 886 2454 ae
897 2401 977 2474 ipsam
989 2441 997 2470 ,
1008 2403 1053 2456 sed
1064 2416 1165 2478 propter
1178 2403 1314 2457 utilitatem
1324 2423 1374 2455 cu-

298 2477 584 2548 utquvtttmjtiog.
594 2477 675 2530 Laert.
686 2478 722 2543 Χ,
731 2478 761 2544 4ι
772 2497 810 2548 aq.
859 2479 978 2548 leudam,
996 2480 1058 2535 huic
1067 2495 1181 2535 atterunt
1192 2482 1291 2553 aliquid
1302 2481 1373 2534 utili-

335 2577 358 2612 η,
365 2558 584 2625 maintardi?
592 2556 731 2629 Epicurum
739 2557 811 2630 pium
859 2557 916 2611 tatia
926 2577 1025 2632 temper
1033 2558 1115 2635 jungi.
1128 2565 1196 2614 Ante
1207 2572 1250 2613 aut
1261 2573 1316 2632 poet
1325 2565 1374 2614 ιἰι-

301 2649 325 2690 et
346 2635 478 2710 religionis
501 2634 701 2688 amantissimum
718 2636 811 2700 fuisse,
860 2639 919 2707 quit
936 2657 996 2710 ergo
1020 2637 1168 2692 subauditur
1187 2639 1312 2712 Epiruma
1330 2652 1376 2692 ant

302 2727 327 2768 et
337 2714 389 2789 ipse
399 2709 508 2784 librique
518 2713 588 2786 ejus,
599 2713 627 2765 in
638 2712 729 2784 quibua
741 2713 812 2767 then-
861 2713 914 2786 ejus
924 2715 1025 2780 mecla,
1038 2715 1082 2786 qui
1092 2716 1158 2770 nihil
1169 2717 1219 2770 niai
1227 2717 1373 2791 prudentia,

301 2794 384 2868 logica
397 2793 534 2857 tractam,
550 2805 688 2853 trecentum
706 2803 731 2844 et
742 2793 814 2868 Bey-
861 2810 938 2862 quam
948 2791 1083 2846 hortatum
1093 2806 1181 2858 vocat,
1195 2807 1278 2848 motus
1290 2797 1374 2848 facere

302 2873 351 2926 lina
364 2871 381 2924 l.
396 2870 417 2936 l,
428 2883 481 2925 not.
493 2870 527 2924 G.
541 2882 565 2924 ct
576 2871 605 2924 P.
616 2869 659 2924 nbi
671 2871 814 2925 eruditiari·
861 2870 934 2935 vult,
950 2871 1060 2944 ideoque
1071 2872 1205 2927 utilitatem
1216 2896 1231 2928 e
1243 2895 1376 2947 quaeum-

302 2971 372 3004 rnurn
382 2964 406 3005 et
411 2950 600 3024 aagaciaairuurn
606 2949 680 3004 illum
689 2951 812 3006 criticum
861 2969 911 3021 que
923 2951 1053 3005 actionum
1063 2971 1165 3005 tuarum
1178 2967 1312 3028 exspectat.
1322 2954 1377 3006 Su·

302 3049 387 3101 neque
393 3043 479 3083 notter
485 3029 555 3082 locut
564 3047 647 3099 neque
659 3027 712 3082 cie.
720 3029 813 3084 etDio-
861 3029 965 3084 blimior
975 3031 1058 3102 itaque
1066 3043 1142 3104 atque
1150 3031 1238 3084 durior
1248 3032 1275 3084 ei¹
1282 3045 1319 3084 eat
1326 3032 1375 3084 iata

305 3108 377 3184 genie
389 3109 473 3162 laert.
484 3105 541 3161 loca
554 3106 698 3172 letuerunt,
712 3106 813 3180 egregie
863 3109 932 3164 Stete
954 3108 1105 3183 postulatio,
1117 3109 1235 3162 virtutem
1247 3129 1301 3162 ecee
1319 3129 1375 3162 rem

305 3185 399 3240 docuit.
863 3205 907 3257 per
915 3206 941 3240 ae
953 3184 1134 3260 expetendam,
1153 3205 1229 3256 quarn
1242 3199 1270 3240 ut
1281 3187 1330 3240 eibi
1341 3187 1376 3239 de

339 3261 593 3318 3.Honertum.Nec
603 3261 737 3316 haustum
744 3281 814 3334 repu-
864 3263 985 3318 ‹loctrine
1007 3257 1083 3334 liujua
1104 3265 1208 3318 veritate
1230 3265 1378 3338 persuaderi

306 3342 392 3396 diabat
401 3341 540 3416 Epicurus,
555 3343 646 3418 quippe
663 3343 707 3415 qui
718 3362 815 3416 temper
863 3341 978 3416 patiatur.
990 3341 1048 3395 Huc
1058 3355 1142 3396 autem
1154 3343 1188 3395 ita
1196 3343 1327 3418 Epicureis
1336 3337 1379 3395 ιε’·

304 3419 427 3490 iaetaltat,
444 3439 498 3473 non
514 3421 625 3492 jucunde
637 3421 708 3488 viti,
727 3421 777 3474 niti
791 3434 816 3474 ct
864 3418 1075 3489 eitleretlebeltat‚
1086 3422 1178 3495 quippe
1188 3423 1235 3492 qui
1244 3423 1333 3475 omnia
1343 3422 1379 3474 ad

305 3499 410 3553 ltcneate
422 3499 522 3553 vivatur
532 3517 538 3552 t
547 3499 592 3554 eetl
603 3499 668 3554 illud
680 3499 815 3554 honestum
864 3515 951 3550 tenent
969 3497 1165 3569 felicitatemque
1179 3499 1240 3554 intle
1257 3499 1378 3573 proficis-

306 3597 360 3630 non
372 3597 402 3630 eo
411 3597 462 3648 quo
474 3577 554 3630 Stoici
563 3597 636 3632 tenen
648 3578 814 3652 intelligebat,
865 3591 964 3632 centem
978 3581 1107 3632 referrent

306 3679 385 3729 quum
395 3659 555 3731 prudentiam
566 3679 624 3713 cum
635 3661 727 3715 virtute
737 3683 757 3715 ο.
766 3662 815 3714 hc·
898 3659 921 3710 5.
944 3657 994 3709 cut
1010 3659 1079 3712 emin
1102 3661 1196 3711 uirtuti
1218 3677 1271 3710 mn
1289 3659 1378 3711 hest?

306 3751 378 3793 netto
389 3739 564 3792 conlunderet.
864 3733 1010 3808 llespoutlet
1026 3737 1153 3796 Annene,
1166 3749 1191 3788 et
1207 3737 1298 3788 latetur
1316 3735 1379 3809 Epi·

339 3817 395 3870 XX.
405 3817 468 3871 Δια
478 3819 517 3870 ,lu
528 3817 607 3889 gratia
616 3818 748 3870 rcl'erenda
757 3817 815 3870 nnl-
864 3834 997 3868 eureorutn
1007 3813 1159 3866 sententiam
1171 3814 1199 3866 in
1209 3812 1260 3866 ltce
1271 3831 1359 3864 veram
1371 3848 1379 3876 ‚

306 3893 358 3946 lum
366 3893 466 3948 lucrum
476 3935 484 3962 ,
495 3895 565 3948 nulla
573 3894 666 3948 utilitas
676 3909 814 3970 spectetur:
864 3892 908 3945 tetl
918 3891 984 3944 nihss
994 3889 1054 3945 iutle
1061 3893 1141 3962 requi.
1149 3891 1217 3944 Nam
1226 3892 1273 3944 etei
1282 3889 1380 3944 utilitas

307 3989 339 4023 ne
355 3972 477 4026 ‹latnnurn
495 3971 599 4044 quitlem
620 3993 667 4025 noe
684 3973 792 4027 retineat
809 4013 817 4038 ,
863 3968 928 4022 bene
940 3972 1005 4023 laeta
1018 3989 1116 4045 temper
1126 3969 1304 4040 conrequitur‚
1324 3987 1379 4022 non

306 4049 369 4119 quin
381 4050 446 4124 grati
457 4051 543 4104 timue.
864 4045 974 4100 obillarn
982 4046 1115 4102 utilitatem
1121 4045 1186 4100 bene
1194 4045 1324 4119 agendum
1335 4059 1380 4098 cet.

339 4125 363 4190 4.
373 4127 428 4181 Sed
444 4133 523 4193 inest,
544 4132 629 4200 inquit
639 4165 707 4196 ........
714 4131 815 4182 ulilt'tm
865 4121 1379 4199 GuneetloEtltioeteriptcretcptimnain

305 4205 405 4274 aliqua.
421 4205 539 4278 Objcctiu
560 4219 597 4260 eet
614 4206 814 4260 adversariorum
864 4203 1080 4272 hocconsentire,
1099 4202 1166 4257 nihil
1180 4203 1257 4276 jurte,
1274 4213 1361 4255 cauete
1370 4239 1380 4268 ‚
