2906 4948
291 487 357 550 506
631 483 699 551 DE
722 485 1026 555 BENEFICIIS

290 614 529 690 commercium
547 614 668 698 maris,
685 621 721 682 et
734 637 878 709 reguum
891 614 1032 683 humaui
1047 615 1183 708 generis
1202 615 1365 684 relaxari.

290 731 360 796 Neo
373 729 572 821 poterat'lex
586 732 715 798 casuris
728 730 895 799 imbribus
909 729 999 813 dici,
1013 753 1056 798 ue
1070 731 1106 799 iu
1122 731 1288 798 malorum
1305 731 1370 797 im·

250 861 266 913 ³
292 842 636 935 proborumquerum
646 842 851 912 defluerent.
866 843 1031 935 Quaedum
1045 841 1081 912 in
1095 843 1218 913 medio¹
1233 867 1370 940 ponun-

290 976 359 1027 tur.
372 960 459 1028 Tum
473 959 680 1052 bonisquam
691 958 788 1028 malis
799 958 999 1027 conduntur
1008 959 1111 1028 urbes
1127 975 1370 1028 :monumento

291 1078 507 1169 ingeniorum
522 1093 558 1144 et
574 1075 619 1145 od
635 1075 795 1170 indiguos
807 1083 1014 1168 perventum
1031 1076 1217 1169 publicavit
1230 1075 1368 1144 editio:
1449 1137 1450 1156 ,

293 1193 460 1268 medicina
472 1195 574 1268 etiam
591 1193 761 1262 'sceleratis
779 1202 877 1286 opem
894 1187 1372 1286 rnoustrb‘t¹.Compositioues
1449 1183 1450 1234 3

179 1343 183 1348 ·
294 1307 521 1379 remediorum
540 1311 739 1380 salutarium
758 1301 857 1379 demo
877 1311 1078 1403 suppressit,
1100 1314 1144 1379 'ue
1161 1308 1372 1379 muareu'tur

295 1424 443 1521 indigni.
455 1428 494 1493 iu
508 1426 564 1494 bis
577 1427 677 1520 exige
690 1431 882 1509 censuram,
898 1439 934 1494 ct
945 1429 1166 1520 peroouorum
1173 1427 1373 1494 estimatio-

296 1567 395 1625 nem,
411 1550 491 1635 'q'uoe
508 1544 688 1636 separatim
706 1557 865 1634 tauquam
880 1541 985 1636 digno
1001 1541 1129 1612 dautur
1149 1571 1156 1610 :
1177 1568 1244 1612 nou
1259 1547 1301 1612 in
1317 1545 1374 1612 bis
1450 1627 1451 1648 Χ

214 1693 218 1699 ·
256 1671 272 1735 t
297 1681 373 1751 qum
392 1645 583 1752 promiscue
601 1657 734 1727 turbam
750 1657 943 1728 admittunt.
967 1657 1111 1728 Multum
1131 1660 1221 1728 euim
1235 1661 1370 1741 refert,
1450 1651 1451 1658 ἵ

297 1788 410 1844 utrum
421 1776 569 1868 aliquem
579 1799 648 1844 nou
656 1775 876 1859 exolutum
885 1775 1005 1868 eligas.
1015 1777 1074 1844 Jus
1085 1793 1119 1844 et
1126 1775 1193 1846 iuri
1202 1768 1372 1845 ³dicitur:

297 1912 382 1988 pace
399 1896 499 1962 etiam
514 1893 693 1962 homicide
707 1894 869 1964 fruuntur
888 1921 895 1959 :
916 1918 977 1962 suu
992 1909 1173 1987 repetunt,
1190 1895 1294 1962 etiam
1309 1897 1374 1988 qui
1451 1979 1452 1982 Ἴ

297 2013 408 2080 aliena
419 2015 618 2105 rapuerunt.
635 2013 855 2080 Percuosorcs
869 2026 904 2078 et
916 2009 1006 2081 domi
1017 2006 1146 2081 ferrum
1155 2004 1375 2082 ‘exercentes
1451 1983 1452 2010 ¹

297 2151 415 2197 murus
427 2129 471 2197 ab
484 2127 581 2199 hoste
591 2127 746 2198 defendit
763 2155 771 2195 :
785 2125 901 2222 legum
914 2126 1092 2220 praecidio,
1108 2127 1169 2221 qui
1183 2123 1375 2222 plurimum

299 2248 334 2314 iu
349 2245 424 2315 ilius
436 2251 684 2340 peceaverunt,
700 2241 937 2339 proteguntur.
954 2241 1120 2339 Quaedum
1133 2272 1201 2315 uon
1212 2263 1375 2341 poteraut

299 2366 430 2434 caeteris
447 2365 667 2463 contingere,
688 2365 753 2432 nisi
771 2363 939 2432 universio
955 2360 1131 2432 durentur.
1149 2365 1224 2433 Non
1242 2382 1296 2433 est
1307 2367 1375 2438 itu·

299 2504 367 2572 que
377 2479 469 2573 quod
478 2479 521 2549 de
534 2481 607 2548 istis
616 2473 781 2573 disputes,
794 2479 839 2547 od
848 2501 924 2569 quae
934 2477 1071 2571 publice
1082 2479 1216 2548 invitati
1229 2503 1371 2550 sumus:

336 2725 356 2758 ι.
371 2696 505 2778 Quadam
515 2707 542 2757 iu
552 2706 653 2768 medio,
666 2715 711 2760 etc.
723 2703 808 2772 Quae-
857 2699 949 2754 omissa
964 2721 1026 2753 voce
1037 2701 1158 2756 omuibus
1169 2719 1175 2752 :
1188 2701 1258 2755 unde
1274 2703 1334 2758 lus
1351 2715 1377 2756 et

300 2786 358 2838 dom
367 2793 427 2837 sunt
438 2783 581 2836 communis
592 2803 667 2848 usus,
679 2793 707 2834 ut
717 2780 806 2844 urbes,
848 2779 911 2850 suri
918 2781 1015 2832 dr'cr'tur
1025 2781 1126 2872 egreffie
1137 2781 1202 2834 eruit
1216 2779 1311 2834 Claud.
1325 2784 1376 2834 Pu·

300 2861 358 2915 iibri
369 2874 498 2928 recentes,
516 2861 558 2932 qui
572 2859 640 2931 apud
651 2858 736 2912 Sosios
747 2857 809 2932 Do·
856 2869 953 2921 ternus,
965 2859 1036 2931 cujus
1048 2872 1115 2911 uotis
1126 2899 1133 2922 ,
1145 2878 1208 2932 ques
1222 2859 1374 2914 auctoribus

300 2963 373 2996 rosve
381 2941 496 3001 librarios
503 2951 644 3016 prostarent
649 2938 809 3011 cuique.Nou
858 2959 872 2991 s
882 2957 908 2991 se
917 2937 987 2991 lectis
993 2939 1132 2993 adscribere
1141 2938 1228 2992 solitus
1236 2952 1282 3002 est,
1291 2941 1375 2994 edidit

301 3034 327 3074 ut
339 3019 405 3082 civi,
417 3020 460 3073 sed
468 3032 497 3072 ut
506 3016 606 3072 bomini
618 3016 673 3071 brec
683 3029 809 3088 parantur.
859 3030 942 3070 autem
950 3017 1003 3092 ipse
1013 3016 1180 3083 nullas(cous.
1190 3012 1305 3072 Joecberi
1319 3015 1375 3072 Gr-

333 3118 356 3150 2.
368 3095 501 3150 Medicina
510 3099 591 3150 etiam
600 3095 729 3148 sederatis
736 3113 810 3160 opem
858 3095 1056 3149 tehronleaetcon
1066 3095 1094 3148 h.
1105 3098 1155 3162 m),
1169 3095 1300 3148 interdum
1312 3117 1375 3150 usu

300 3183 435 3230 montlrat.
454 3175 552 3226 Omnes
568 3171 643 3226 codd.
653 3173 688 3224 sic
700 3171 808 3233 babent,
859 3192 910 3226 esse
924 3171 1023 3226 videtur
1033 3170 1139 3246 lipsius.

302 3254 440 3326 quodcum
454 3251 589 3307 Gronovio
602 3250 699 3324 recepi,
714 3261 809 3323 propte·
890 3252 914 3317 4
934 3251 1105 3304 Percussum
1127 3261 1152 3304 ee
1175 3252 1250 3302 douai
1261 3250 1372 3322 serrum

301 3351 449 3404 resquoquc
460 3327 701 3403 ‚quoniametspud
712 3327 776 3380 alios
785 3339 809 3379 et
857 3341 1010 3385 exercentes.
1022 3328 1108 3381 Facile
1116 3329 1143 3381 in
1153 3329 1240 3382 erulos
1251 3329 1371 3392 incurrit,

300 3410 366 3482 opud
376 3423 490 3463 nostrum
498 3429 557 3462 usus
564 3402 673 3460 verbide
681 3405 808 3459 medicina
857 3407 1101 3479 loquendiformom
1108 3405 1227 3476 ,serrem
1236 3424 1370 3470 exercere,

299 3502 324 3541 et
341 3489 460 3542 remediis
475 3487 596 3542 solemnis
613 3499 665 3550 est,
685 3505 707 3538 e.
720 3505 741 3538 c,
756 3483 806 3548 Vi,
859 3506 911 3539 nou
924 3485 1097 3556 codemseusu
1107 3481 1370 3546 bicodhibitameese,

303 3566 348 3632 16,
363 3567 385 3622 3.
398 3562 419 3618 E
437 3567 475 3618 ist.
487 3560 578 3628 xm,
591 3585 611 3617 ι.
622 3561 807 3630 ΧΧῩΙΙ,8.Ἰ,.
857 3585 909 3636 quo
919 3561 986 3637 apud
997 3561 1075 3626 elios,
1088 3583 1109 3615 e.
1123 3583 1144 3614 c.
1158 3561 1251 3635 Virgil.
1263 3561 1370 3616 AEneid

300 3649 315 3697 5
326 3684 333 3708 ,
348 3588 488 3699 ῙιΧΧῖῚΠ
499 3683 507 3708 ,
519 3647 549 3709 4,
562 3655 609 3695 eie.
618 3641 727 3714 Vulgata
737 3652 807 3692 erat:
857 3644 930 3710 vill,
939 3642 986 3708 424
996 3659 1002 3692 :
1011 3663 1024 3686 e
1032 3642 1136 3692 Ferrum
1145 3639 1370 3694 exercebunt-2220

299 3727 434 3778 ministra!
446 3743 454 3776 .·
468 3722 551 3775 scdde
561 3721 696 3785 medicina,
708 3720 807 3772 medico
859 3721 982 3796 Cyclopes
1002 3720 1028 3772 in
1049 3733 1121 3772 antro
1132 3743 1145 3766 υ
1164 3736 1246 3770 :nam
1262 3718 1300 3771 ibi
1323 3733 1369 3784 ως

299 3818 342 3858 out
362 3799 480 3857 remediis
494 3797 808 3870 bocverbum,quautum
858 3803 923 3853 ferro
943 3797 1059 3853 cudendo
1079 3798 1193 3871 occupeti
1210 3811 1291 3850 erent.
1316 3797 1369 3850 Sed

299 3882 417 3954 equidem
430 3877 554 3942 memini,
564 3898 617 3930 uon
629 3877 662 3928 iu·
677 3896 724 3929 usu
743 3875 807 3928 suit:
858 3879 895 3932 uti
908 3879 986 3951 poetis
999 3894 1116 3930 exercere
1128 3874 1197 3928 idem
1208 3875 1325 3946 estquod
1334 3877 1369 3930 b·

300 3961 345 4014 etsi
354 3959 430 4036 probe
438 3959 526 4021 sciam,
538 3957 651 4011 deservis
659 3969 807 4030 usurpatum
858 3977 967 4016 cessere,
981 3953 1096 4028 fatigare,
1105 3953 1144 4006 i.e
1155 3952 1243 4005 crebro
1254 3974 1367 4020 movere,

298 4059 359 4094 csse.
859 4039 1001 4108 frequenter
1007 4052 1129 4105 usurpare
1139 4069 1146 4095 ,
1160 4029 1269 4084 multum
1281 4031 1369 4086 esseio

331 4117 354 4168 3.
367 4115 420 4173 Jus
437 4127 461 4169 et
471 4116 541 4187 suri.
561 4113 671 4186 Vulgato
689 4111 736 4164 suit
751 4123 809 4163 aute
859 4112 944 4186 eliqua
956 4131 995 4174 re;
1010 4109 1043 4164 ita
1053 4107 1079 4162 b.
1090 4111 1106 4160 Ι.
1117 4108 1197 4162 rsrior
1207 4109 1247 4162 vis
1257 4109 1367 4174 obtinet,

299 4197 412 4269 Lipsium
420 4209 445 4249 et
452 4185 602 4250 Gruterum:
611 4193 664 4250 lus
664 4191 723 4262 suri
728 4195 809 4245 ormi·
859 4190 1001 4258 frequenter
1013 4187 1051 4241 uti
1065 4188 1131 4240 ferro
1142 4224 1148 4250 ,
1161 4186 1249 4256 gladio
1259 4186 1294 4239 ad
1303 4187 1368 4242 octi-

298 4279 346 4338 bos
356 4277 456 4330 dicitur.
465 4274 546 4327 Codd.
554 4293 642 4328 omnes
652 4269 808 4342 Jnsetsorr',
859 4267 955 4322 dendus
972 4267 1097 4320 homiues.
1112 4263 1204 4338 Attigit
1216 4265 1287 4319 bunc
1298 4265 1369 4322 verbi
