2976 4950
407 463 504 534 ars.
532 463 592 550 11,
618 463 726 531 car.
753 464 864 536 xxt.
1106 477 1170 543 sss

150 620 253 692 XXI.
271 617 362 688 Illud
379 620 487 714 magis
504 619 623 687 venire
641 619 678 686 in
701 615 963 714 disputationem
982 642 1094 719 potest
1108 629 1173 696 ali-

104 763 225 831 quam,
245 735 329 830 quid
340 733 531 804 faciendum
546 735 590 802 sit
603 735 749 830 captivo,
767 737 823 804 cui
839 735 1084 835 redemptionis
1096 769 1176 837 pre-

106 859 191 924 tium
208 855 308 922 homo
328 851 499 946 prostituti
517 850 669 944 corporis
686 866 720 919 et
738 852 874 922 infamis
891 861 971 924 ore¹
993 861 1173 953 promittit.

106 970 222 1039 Patiar
228 991 283 1036 mc
296 966 340 1036 ab
353 967 487 1060 impuro
498 964 627 1034 servari
639 965 655 1033 f
666 981 818 1034 servatus
835 965 994 1054 deinde²,
1011 997 1113 1063 quam
1126 975 1179 1042 illi

106 1086 253 1178 gratiam
268 1080 444 1150 referam?
460 1079 579 1148 Vivam
593 1102 671 1147 cum
685 1077 843 1150 obscaeno
858 1082 875 1150 i)
889 1105 958 1152 non
973 1085 1084 1154 vivam
1102 1111 1179 1158 cum

110 1197 324 1290 redemptore
338 1191 457 1288 rQuid
468 1217 551 1288 crgo
565 1193 714 1287 placeat,
734 1193 844 1264 dicam
860 1223 867 1262 :
887 1199 988 1268 etiam
1003 1200 1047 1268 ab
1065 1202 1180 1294 aliquo

109 1317 169 1386 tali
194 1316 358 1408 accipiam
380 1311 584 1406 pecuniam,
615 1335 717 1403 quam
739 1335 803 1405 pro
828 1315 940 1406 capite
960 1313 1151 1410 dependam
1169 1349 1179 1406 5

109 1433 276 1524 accipiam
293 1444 406 1498 autem
426 1444 588 1520 tanquam
603 1425 789 1512 creditum,
808 1452 879 1497 non
895 1445 1056 1524 tanquam
1074 1433 1183 1504 bene-

110 1546 241 1614 ficium.
262 1543 395 1612 Salvam
418 1541 468 1610 illi
492 1541 693 1633 pecuniam,
723 1556 758 1608 et
774 1542 803 1608 si
830 1546 963 1614 occasio
986 1545 1091 1615 fuerit
1109 1569 1183 1617 ser·
1210 1574 1226 1606 ³

108 1657 214 1726 vandi
230 1656 490 1750 periclitantem,
508 1653 650 1724 servabo
667 1678 675 1720 :
690 1655 728 1722 iu
743 1655 947 1738 amicitiam,
968 1683 1044 1750 quse
1059 1662 1186 1731 similes
1280 1739 1297 1766 Δ

106 1773 244 1866 jungit,
273 1793 342 1838 non
361 1767 587 1854 descendam,
615 1791 680 1836 nec
699 1771 880 1838 servatoris
904 1770 1002 1841 illum
1025 1775 1098 1846 loco
1119 1803 1186 1848 nu-

110 1889 264 1971 merabo,
282 1885 343 1956 aed
361 1885 658 1967 foeneratoris,lcui
673 1886 777 1954 sciam
793 1885 1006 1958 reddendum
1024 1893 1116 1985 quod
1134 1919 1189 1966 ac·

109 2007 204 2099 cepi.
220 2008 280 2072 Est
290 2003 415 2094 aliquis
427 2001 553 2095 dignus
564 2024 585 2068 a
598 2023 666 2094 quo
681 1997 888 2072 beneficium
910 2008 1075 2101 accipiam
1091 2061 1102 2094 ,
1128 2011 1189 2080 sed

111 2121 211 2192 danti
235 2120 428 2188 nociturum
447 2131 519 2202 est,
542 2115 622 2184 ideo
640 2140 710 2185 non
736 2120 921 2214 accipiam,
944 2125 1026 2216 quia
1044 2127 1102 2196 ille
1126 2151 1206 2222 pa-⁸

113 2251 212 2305 ratus
228 2233 314 2301 mihi
332 2255 410 2301 cum
425 2228 657 2313 incommodo,
677 2233 850 2300 autetiam
864 2236 1020 2329 periculo
1034 2265 1094 2308 suo
1112 2267 1190 2336 pro·

115 2351 230 2419 desse.
247 2348 456 2417 Defensurus
476 2361 527 2413 est
545 2369 598 2412 me
616 2369 714 2414 reum
733 2395 744 2431 ,
767 2345 827 2415 sed
843 2349 903 2420 illo
921 2355 1110 2445 patrocinio
1130 2382 1189 2426 re.
1215 2377 1231 2428 3

118 2490 197 2560 gem
215 2464 281 2532 sibi
295 2479 347 2533 est
361 2462 511 2530 facturus
525 2455 736 2529 inimicum³.
753 2462 915 2534 Inimicus
931 2468 995 2535 sim
1008 2519 1018 2552 ,
1041 2473 1070 2538 si
1084 2497 1191 2566 quum

118 2582 180 2650 illc
198 2603 263 2674 pro
279 2602 334 2648 me
352 2575 538 2672 periclitari
555 2574 654 2657 velit,
671 2597 756 2668 ego,
777 2576 868 2669 quod
885 2578 1017 2651 facilius
1039 2603 1103 2670 est,
1122 2614 1191 2659 non

120 2699 231 2781 facio,
257 2712 296 2764 ut
319 2695 393 2764 sine
416 2691 475 2762 illo
497 2689 685 2785 pericliter.
711 2691 926 2788 ineptum'ct
945 2695 1104 2771 frivolum
1125 2704 1192 2774 hoc

154 2891 229 2945 XXI.
241 2892 311 2944 Aac.
322 2890 413 2942 Varios
425 2907 495 2943 casos
503 2897 633 2940 enumerat
681 2897 755 2958 atque
767 2905 796 2939 er
808 2887 839 2940 iis
854 2889 954 2943 redimi.
973 2895 997 2944 A
1015 2893 1126 2946 barbaris
1140 2913 1191 2968 po-

120 2970 254 3041 inquibus
264 2967 327 3040 qnid
336 2965 632 3038 faciendumambigipo·
680 2965 755 3040 polis,
765 2967 786 3018 si
799 2967 855 3037 quis
869 2970 932 3020 forte
943 2969 972 3021 in
983 2989 1070 3024 eorum
1082 2985 1191 3044 potesta·

120 3061 177 3102 test.
183 3049 217 3102 V.
226 3067 251 3119 g.
260 3046 281 3098 si
294 3043 392 3118 captivo
399 3044 507 3118 pretinm
518 3042 632 3114 redemp·
682 3056 732 3095 tem
739 3044 878 3114 cecidisset,
887 3047 958 3100 nulle
966 3049 1105 3122 redemptio
1116 3051 1191 3104 fnisse

121 3130 201 3184 tionis
220 3129 331 3202 impurus
350 3147 393 3179 ore
408 3124 565 3200 promiserit,
580 3142 631 3193 quo
682 3122 790 3176 videtur.
1171 3137 1173 3144 ’

120 3220 197 3284 pacto
209 3205 353 3278 agendum
367 3204 389 3256 si
399 3202 551 3256 beneficium
561 3201 634 3253 offe-
714 3219 738 3252 a.
749 3200 861 3278 Deinde.
871 3201 913 3254 sie
924 3203 985 3256 dant
995 3224 1084 3258 omnes
1092 3207 1191 3261 codices

121 3303 210 3354 ratur,
228 3285 347 3338 afferenti
362 3283 522 3344 nociturum,
543 3295 568 3334 at
580 3283 633 3333 ho·
682 3297 739 3332 mss.
749 3279 818 3352 epod
829 3280 974 3333 Gruterum.
982 3281 1125 3337 Anteaerat
1133 3303 1139 3339 τ
1147 3289 1192 3338 de-

124 3378 243 3428 uectum,
261 3383 293 3416 an
310 3361 389 3435 accipi
404 3379 448 3433 par
464 3360 510 3425 sit;
529 3354 549 3412 si
566 3363 632 3412 furto
682 3361 766 3427 nique.

124 3458 238 3521 paratam
248 3441 382 3510 pecuniam
392 3439 484 3510 aliquis
495 3439 635 3512 largiatur,
716 3437 739 3490 3.
761 3436 924 3505 Defensurus
925 3474 1031 3490 ............
1049 3443 1191 3493 inimicum.

123 3523 272 3596 reciperent
284 3518 356 3572 illam
366 3517 510 3580 debeamus,
522 3517 635 3570 ntrcsti-
683 3512 806 3587 Exemplo
818 3526 855 3566 est
866 3513 905 3564 Μ.
915 3513 1015 3567 ΤαΙΙὶω
1028 3515 1117 3569 Cicero
1130 3556 1137 3584 ,
1149 3515 1196 3588 qui

124 3613 241 3662 tuamor,
253 3593 636 3667 curtatimrespuere·Eterem·
683 3590 804 3644 Roscium
820 3591 969 3643 Amerinum
986 3593 1092 3647 feliciter
1105 3595 1194 3648 defen-

126 3680 169 3752 pla
182 3679 235 3731 dno
249 3674 466 3747 conjunctarum,
480 3671 602 3724 Arcesilai
612 3685 637 3725 et
684 3669 770 3723 (leudo
794 3669 822 3722 in
849 3667 1011 3743 Chrysogoni
1034 3672 1193 3728 inimicitiam

126 3757 192 3810 Julii
200 3753 320 3808 Graecini.
684 3747 805 3811 incurrit,
818 3747 925 3818 ideoque
936 3747 1052 3816 Sullam,
1065 3749 1135 3820 cujus
1150 3751 1194 3804 illc

163 3829 431 3906 r.1nsamisorc.Non
443 3827 525 3882 solum
536 3841 636 3900 propter
685 3826 735 3878 fuit
752 3824 872 3888 libertus,
895 3824 943 3878 sibi
960 3825 1021 3880 fecit
1037 3827 1169 3882 inimicum
1186 3841 1206 3885 ε·

128 3910 335 3987 impudentiam,
348 3927 399 3979 qua
411 3906 442 3958 de
458 3904 531 3959 rebor
542 3905 639 3959 obsco·
685 3921 736 3973 qua
748 3922 775 3954 re
786 3915 868 3955 motus
880 3903 962 3956 Roma
972 3904 1058 3958 relicta
1069 3905 1096 3958 in
1107 3908 1194 3960 Asiam

127 3991 171 4042 nis
186 3989 349 4060 loqueretur,
373 3987 417 4038 ced
438 3984 471 4037 ol)
489 4003 564 4036 usum
588 3983 637 4034 oris
685 3981 793 4034 secessit.
803 3983 857 4054 lpse
866 3981 964 4034 Seneca
974 3981 1018 4034 tali
1027 3985 1105 4037 modo
1115 3987 1196 4040 offen.

126 4070 157 4120 iu
165 4087 194 4119 re
203 4085 319 4117 venerea.
327 4060 430 4117 Seneca
439 4074 565 4136 tempore,
577 4061 638 4114 orbe
686 4060 751 4112 disse
763 4058 863 4111 uidetur
875 4057 966 4112 Caium
977 4058 1131 4134 Caligulam,
1140 4065 1193 4136 qui,

124 4161 252 4200 terrarum
266 4154 367 4213 pacato,
389 4139 492 4192 nonnisi
502 4139 637 4212 piratarum
687 4136 1196 4214 DioneCassiorefcrentettx,19‚pamm

126 4227 158 4280 in
172 4240 263 4276 manus
274 4219 337 4274 civis
348 4239 411 4272 rom.
426 4217 513 4271 cadere
525 4229 636 4289 poterat,
688 4216 766 4269 abfuit
776 4215 838 4285 quin
853 4214 937 4268 necari
950 4235 1008 4269 eum
1018 4217 1122 4288 juberet

253 4319 298 4385 ll.
1005 4313 1048 4379 25
