2976 4950
284 459 365 588 ἰιι
631 499 700 570 na
722 501 1030 574 reuertens

346 631 472 699 xxlv.
483 631 688 701 Corfinium
705 634 834 706 caut*
846 634 1026 705 obsidebat
1040 663 1049 706 ι
1065 633 1246 707 tenebatur
1259 639 1373 706 inclu-

299 771 356 815 sus
379 747 559 816 Domitius.
582 749 768 844 Imperavit
786 749 918 821 medico
937 753 1118 846 eidemque
1136 744 1261 824 servo³
1280 777 1370 834 suo,

1475 539 1477 632 l

299 880 338 930 ut
358 863 425 932 sibi
443 887 612 934 venenum
637 863 877 960 daret.Qnum
903 871 1182 963 tergiversantem
1204 869 1371 938 videret:
1477 935 1478 938 ,

303 1007 319 1042 u
338 978 434 1070 Quid
450 981 634 1064 cunctaris,
646 983 773 1075 inquit,
786 999 947 1077 tanquam
959 1003 1019 1054 tua
1032 987 1069 1054 in
1082 1001 1249 1080 potestate
1263 999 1372 1052 totum

302 1097 393 1166 istud
411 1098 480 1166 sit?
498 1115 640 1168 mortem
655 1123 742 1193 rogo
757 1117 920 1171 armatus.
937 1131 953 1167 ι
975 1104 1066 1174 Tum
1082 1102 1141 1172 ille
1152 1101 1329 1197 promisit,
1341 1115 1376 1168 et

302 1207 586 1280 meditamentum
595 1207 793 1282 innoxium⁴
806 1215 993 1285 bibendum
1004 1216 1055 1286 illi
1065 1215 1173 1298 dedit,
1189 1239 1259 1308 quo
1270 1239 1377 1307 quum

303 1327 433 1419 sopitus
446 1343 556 1410 esset,
572 1330 714 1398 accessit
725 1329 771 1398 ad
784 1329 893 1400 filium
911 1331 987 1424 ejus
1003 1357 1012 1398 :
1032 1357 1048 1394 ι
1064 1330 1151 1400 lube
1165 1353 1234 1413 me,
1246 1329 1376 1421 inquit,

185 1469 197 1488 ⁶
304 1435 519 1528 asservari⁵,
539 1443 621 1514 dum
638 1469 679 1515 ex
695 1462 819 1516 eventu
831 1448 1021 1542 intelligas,
1041 1470 1088 1516 an
1103 1469 1273 1516 venenum
1288 1447 1380 1540 patri

274 1591 284 1600 ·
306 1579 365 1630 tuo
378 1561 546 1632 dederim.
562 1591 580 1628 s
592 1565 685 1632 Vixit
698 1565 880 1652 Domitiae,
894 1581 929 1636 et
941 1557 1143 1636 servatus‘s
1156 1566 1292 1634 Caesare
1305 1579 1377 1632 est:

308 1679 404 1771 prior
421 1695 535 1746 tamen
553 1679 650 1749 illum
669 1705 786 1750 servus
804 1698 1009 1752 servaverat.
1144 1765 1148 1772 ι

357 1796 470 1864 XXV.
489 1795 583 1865 Bello
600 1797 692 1865 civili
706 1847 715 1879 ,
734 1800 962 1894 proscriptum
976 1797 1152 1868 dominum
1165 1821 1287 1866 servus
1304 1795 1384 1864 abs-

312 1910 428 1981 condit
445 1941 455 1996 3
471 1925 506 1980 et
524 1937 631 2006 quum
651 1915 818 1984 annulos⁷
835 1915 910 2008 ejus
929 1915 995 1984 sibi
1013 1928 1182 2010 aptasset,
1203 1936 1243 1982 ac
1257 1929 1384 1984 vestem

313 2026 506 2112 induisset,
525 2029 795 2123 speculatoribus
816 2031 967 2101 occurrit
988 2058 998 2100 ι
1017 2030 1105 2101 nihil
1121 2053 1157 2099 ee
1176 2029 1382 2124 depreoari,

314 2167 382 2236 quo
400 2145 512 2213 minus
528 2145 690 2239 imperata
707 2162 934 2242 peragerent,
953 2145 1064 2214 dixit:
1085 2162 1121 2215 et
1135 2145 1264 2217 deinde
1277 2145 1389 2214 cetri·

315 2285 389 2330 eom
419 2263 584 2354 porrexit.
615 2262 746 2356 Quanti
765 2265 829 2331 viri
852 2281 903 2332 est
928 2289 991 2358 pro
1010 2262 1147 2335 domino
1169 2286 1211 2331 eo
1237 2277 1390 2355 tempore

318 2380 402 2448 mori
415 2378 516 2463 velle,
533 2403 601 2472 quo
614 2395 688 2448 erat
701 2375 793 2450 rara⁸
809 2379 908 2464 fides,
924 2380 1097 2451 dominum
1113 2380 1200 2449 mori
1216 2377 1337 2448 nolle?
1354 2377 1390 2444 in

353 2573 449 2628 XXIV.
462 2577 534 2628 Atto.
555 2575 584 2626 L
609 2575 772 2637 Domitiam,
788 2575 828 2628 eui
912 2569 1394 2640 4-Medicamentuminuoxt'um.l³ln-

320 2664 373 2724 post
383 2666 484 2723 raptum
496 2651 639 2705 Corfinium
646 2652 731 2706 Cresar
747 2672 830 2726 peper·
879 2653 957 2707 tareb.
970 2654 987 2706 l.
1000 2654 1018 2706 l.
1032 2653 1143 2728 appellat
1153 2653 1287 2706 imnis
1306 2651 1334 2703 si
1348 2655 1395 2702 ,ὴ-

321 2729 355 2780 cit
371 2743 454 2794 „ante
478 2750 493 2785 a
517 2750 589 2785 serto
607 2745 734 2784 serratum
754 2732 830 2784 luisse
882 2733 984 2804 seirpus.

322 2827 397 2878 quam
409 2828 424 2861 ι
436 2808 541 2862 Cerere.
915 2809 938 2863 5.
953 2809 1100 2862 Asretvan’.
1115 2804 1246 2861 Custodia.

359 2904 380 2936 ι.
394 2888 546 2956 Codutium.
558 2885 655 2939 Urbem
665 2885 832 2959 Peligrtorum
914 2883 1074 2940 &Serenus
1093 2883 1198 2956 quidem
1225 2897 1250 2937 et
1276 2882 1396 2936 dimissus

323 2963 381 3016 setis
389 2983 523 3036 magnam,
532 2983 609 3034 quarn
621 2967 730 3018 Aternus
739 2963 833 3020 fluvius
882 2976 934 3031 est,
945 2963 1081 3018 sedetstim
1093 2962 1125 3016 sd
1133 2961 1285 3035 Pompeium
1296 2959 1397 3014 mansiit

324 3041 831 3113 prseterlluit,Msrrubioririn2m.Hodie
882 3043 1132 3118 ingratusllomitius
1141 3043 1265 3096 referente
1273 3036 1397 3093 Plnt.l.l.

323 3131 428 3171 vocatur
438 3117 586 3189 Snrfferine.
915 3122 998 3176 XXV.
1013 3126 1086 3177 Anu.
1098 3121 1187 3176 Alium
1206 3137 1311 3174 servum
1328 3117 1397 3170 bello

358 3219 381 3252 ι.
393 3199 490 3252 Cesar.
501 3199 542 3252 Cf.
549 3199 654 3253 Sueton.
661 3198 714 3252 Jul.
723 3199 763 3266 34.
773 3200 834 3254 Ner.
882 3201 966 3270 civili,
979 3214 1111 3275 postquem
1123 3197 1292 3272 proscriptum
1304 3195 1396 3249 domi-

325 3299 349 3330 n.
363 3280 396 3329 At
408 3277 478 3330 Ptin.
489 3277 540 3330 vn
554 3277 587 3330 H.
602 3277 636 3332 N.
650 3278 683 3332 53
698 3277 769 3330 aliter
780 3299 834 3331 rem
882 3299 946 3334 num
959 3279 1271 3344 celavisset,illiusrestes
1282 3275 1397 3328 induisse

326 3367 412 3408 narrat
423 3373 430 3408 t
443 3353 837 3430 1..t)0mitiu2ctsrutimaegeu-
885 3373 910 3413 et
922 3371 996 3431 caput
1005 3355 1207 3410 interlectoribus
1217 3354 1341 3409 obtulisse
1353 3353 1398 3424 qui

327 3433 358 3484 tis
368 3471 376 3498 ‚
388 3431 456 3504 apud
466 3433 605 3486 Massiliam
616 3433 714 3500 victus,
729 3431 836 3486 Corfinii
886 3456 944 3489 eum
957 3435 1148 3508 conquirebant.

327 3521 413 3582 captus
421 3510 548 3563 abeodem
556 3511 662 3578 Csesare,
670 3531 768 3565 veneno
775 3525 836 3586 poto
919 3539 942 3586 7.
956 3516 1086 3568 Annales.
1097 3515 1128 3568 ln
1140 3512 1247 3586 Appian.
1257 3511 1296 3563 Ν
1306 3509 1398 3571 civil,

327 3601 428 3663 propter
437 3589 542 3642 taedium
555 3589 633 3656 vite,
647 3604 778 3662 postquem
791 3589 837 3642 lti-
886 3593 913 3647 in
922 3593 1007 3646 Valet.
1016 3590 1212 3659 mattilde,
1223 3587 1400 3644 ioblacrobio.

329 3668 414 3731 beret,
429 3668 499 3720 omni
517 3687 563 3742 ope
576 3681 605 3720 ut
620 3668 717 3720 vireret
731 3667 838 3722 annisus
887 3670 1005 3724 Auarrlos
1027 3681 1112 3723 antem
1135 3679 1281 3738 vestemque
1301 3665 1400 3732 sumit,

328 3761 372 3802 est.
384 3773 418 3786 -
429 3749 572 3818 Utrumque
587 3761 672 3800 temen
687 3747 753 3800 bene
770 3765 839 3798 eon·
887 3763 1007 3821 tanquam
1019 3747 1146 3820 ingenuus
1157 3759 1182 3800 et
1192 3759 1309 3808 senator,
1324 3755 1355 3796 ut
1365 3743 1401 3795 sie

329 3825 403 3898 iungi
420 3838 507 3899 potest.
528 3824 655 3878 Plutarch.
673 3825 735 3879 Caes.
756 3845 780 3896 p.
792 3823 840 3894 7²4
888 3819 1402 3900 proberoseprobsretlipsdlellumboe

328 3909 383 3960 fret.
396 3907 520 3960 consentit
531 3923 588 3958 cum
603 3905 709 3958 Smeca.
889 3917 987 3976 gestum
997 3913 1036 3955 est
1045 3901 1113 3956 inter
1122 3901 1234 3954 Marium
1242 3913 1268 3952 et
1275 3899 1386 3954 sullam.

364 3987 387 4036 3.
394 3985 499 4039 ltleduo
505 3985 637 4053 eidemque
642 4002 714 4035 servo
720 4000 776 4034 suo.
786 3981 841 4033 ille·
922 3983 947 4034 8.
958 3981 1045 4034 Rara.
1054 3981 1123 4034 Rara
1136 3978 1241 4051 quidem
1252 3977 1327 4030 onni
1337 3990 1403 4029 tem·

331 4062 493 4116 ‹lirosservos
501 4061 590 4115 Roma
599 4073 622 4112 et
631 4059 760 4113 libertinos
769 4098 777 4122 ,
785 4077 841 4112 sero
891 4079 964 4134 pore,
975 4059 1056 4112 rarior
1065 4079 1126 4111 vero
1137 4057 1249 4110 Neronis
1260 4069 1286 4109 et
1298 4057 1403 4110 senece

333 4153 416 4194 eutem
439 4139 541 4192 demum
566 4139 657 4192 liberos
680 4139 841 4209 ingenueque
892 4136 1045 4212 temporibus
1057 4136 1127 4190 lidus.
1147 4133 1273 4188 Horatius
1288 4133 1403 4186 Cannin.

333 4230 404 4269 natos
424 4215 541 4270 homiues
557 4215 633 4270 luisse
648 4227 745 4269 constat
756 4236 780 4266 v.
792 4237 814 4268 r.
827 4235 840 4265 ιι
892 4214 935 4267 lib.
952 4216 980 4276 l,
1002 4215 1046 4267 od.
1060 4229 1145 4266 xxxv:
1158 4235 1172 4260 ι
1182 4212 1220 4265 Te
1233 4212 1298 4284 Spes
1309 4224 1334 4263 et
1344 4210 1403 4264 albo

334 4293 403 4346 Curt.
415 4293 548 4366 Sprcugel.
558 4293 654 4348 Hister.
665 4293 759 4346 Medic.
893 4305 947 4343 rata
960 4289 1037 4343 Fides
1051 4289 1111 4344 colit
1120 4289 1201 4342 velata
1213 4307 1322 4360 pauno·
1336 4287 1404 4339 'lum
