2966 4948
324 517 390 561 ano
473 491 541 559 Al)
566 488 844 560 POLYBIUM
868 488 1234 559 CONSOLATIO.

323 623 407 690 taria
430 621 665 689 mortalitatie¹
696 620 837 690 oblivio.
862 623 990 688 Natura
1015 617 1101 687 nulli
1123 643 1159 688 ee
1184 621 1396 687 necessitatis

325 763 392 806 auae
416 739 559 832 gratiam
581 738 746 806 facturam
763 759 837 806 esee
863 752 985 805 testata
1009 752 1072 804 eet.
1095 733 1261 829 Quotidie
1274 751 1401 828 praeter

324 855 438 923 oculos
457 869 589 922 nostroe
603 869 779 924 transeunt
793 869 951 923 notorum
966 856 1231 948 ignotorumque
1250 853 1394 920 funera:

325 997 386 1040 noa
405 987 518 1040 tamen
538 971 634 1043 aliud
650 973 783 1066 agimus
799 1021 810 1055 ,
827 987 862 1040 et
880 972 1030 1040 subitum
1052 971 1089 1038 id
1110 986 1269 1064 putemne
1295 993 1395 1048 ease,

325 1089 417 1184 quod
436 1090 534 1158 nobie
554 1085 623 1159 tota
644 1091 714 1158 vita
724 1088 947 1158 denuntiatur
964 1089 1117 1160 futurum
1131 1093 1158 1156 ².
1178 1091 1255 1157 Non
1269 1102 1323 1156 eat
1336 1089 1400 1154 ita·

326 1232 393 1300 que
406 1210 474 1276 ista'
487 1207 632 1276 latorum
651 1208 829 1300 iniquitas,
845 1205 905 1275 aed
919 1207 1043 1274 mentia
1061 1206 1218 1275 hn'manae
1231 1205 1396 1299 pravitas,

326 1324 651 1394 insatiabiliererum
661 1325 810 1392 omnium
825 1347 832 1388 :
847 1347 922 1414 quae
935 1322 1136 1417 indignatur
1148 1321 1229 1391 inde
1240 1347 1279 1391 ee
1289 1325 1398 1404 exire,

327 1466 395 1534 quo
412 1439 558 1509 admisce
571 1454 623 1508 eet
635 1441 803 1533 precario.

376 1558 497 1626 XXX.
521 1555 661 1648 Quanto
678 1556 736 1624 ille
754 1557 902 1649 justior,
922 1557 983 1649 qui
1008 1557 1164 1624 nuntiata
1182 1555 1246 1624 filii
1267 1570 1400 1636 morte,

328 1671 467 1767 dignam
496 1695 618 1765 magno
643 1673 716 1738 viro
741 1695 858 1740 vocem
877 1673 1014 1741 emisit:
1035 1675 1108 1767 Ego
1135 1697 1241 1765 quum
1270 1675 1401 1766 genui,

328 1805 399 1857 tum
411 1790 613 1856 moriturum
624 1789 707 1857 scivi
717 1780 744 1854 ⁵.
760 1791 903 1857 Proreus
914 1813 983 1857 non
995 1791 1131 1858 mireris
1147 1813 1187 1857 er
1201 1789 1270 1857 hoc
1281 1805 1404 1856 natum

329 1929 416 1989 cene,
433 1907 493 1999 qui
511 1905 643 1974 fortiter
664 1908 749 1974 mori
767 1922 891 2000 posset.
916 1909 991 1975 Non
1008 1908 1141 2001 accepit
1162 1923 1326 2000 tanquam
1340 1932 1406 1975 no-

328 2049 407 2091 vum
426 2024 604 2106 nuntium,
631 2023 693 2092 filii
712 2039 871 2110 mortem3
892 2023 977 2117 quid
991 2040 1043 2093 est
1056 2025 1148 2092 enim
1161 2027 1263 2106 novi,
1287 2023 1406 2093 homi-

331 2165 408 2210 nem
423 2141 530 2222 mori,
551 2141 648 2234 cujue
665 2153 734 2209 tota
749 2142 819 2210 vita
842 2142 929 2210 nihil
952 2141 1047 2210 aliud
1067 2167 1170 2234 quam
1189 2142 1233 2210 ad
1259 2159 1405 2211 mortem

330 2259 396 2326 iter
410 2255 487 2327 eet?
506 2260 579 2352 Ego
591 2282 698 2350 quum
712 2259 835 2352 genui,
853 2274 924 2327 tum
939 2259 1142 2328 moriturum
1158 2261 1253 2328 sciri.
1267 2261 1405 2329 Deinde

329 2371 454 2465 adjecit
470 2397 541 2441 rem
559 2373 699 2466 majoris
713 2389 747 2441 et
760 2372 951 2466 prudentiae
965 2389 1000 2442 et
1015 2375 1119 2442 animi
1134 2401 1140 2440 :
1159 2375 1248 2442 Huic
1263 2377 1316 2442 rei
1332 2399 1405 2442 suo-

331 2491 393 2558 tuli
405 2485 432 2558 ⁴.
446 2491 574 2561 Omnes
587 2492 670 2560 huic
681 2493 735 2562 rei
750 2490 900 2559 tollimur
914 2517 921 2557 :
935 2493 1090 2583 quiaquia
1102 2491 1145 2559 ad
1155 2493 1258 2561 vitam
1271 2492 1401 2576 editur,

366 2671 841 2726 rMortaliiatitMortalitaalricintel·
924 2673 1006 2726 XXX.
1018 2676 1086 2727 Atto.
1100 2675 1188 2742 Quum
1199 2695 1267 2728 mora
1279 2679 1403 2738 certasit,

331 2749 432 2819 liganda
445 2762 543 2802 estnon
555 2749 624 2800 illius
635 2767 711 2817 quem
720 2769 765 2800 aaa
776 2750 841 2803 deei-
891 2750 1002 2805 dimittas
1014 2752 1111 2806 lnetnm
1130 2763 1155 2807 et
1174 2754 1263 2806 studiis
1277 2757 1360 2808 auctis
1381 2768 1403 2808 te

331 2828 368 2900 pit
378 2825 528 2892 credulitas,
545 2838 570 2877 et
581 2825 623 2878 cui
632 2839 714 2878 amata
724 2828 840 2896 quiedam
890 2829 1011 2883 exhilara.

332 2903 551 2956 vehementissime
570 2914 647 2968 tout,
667 2903 712 2956 aed
732 2905 840 2978 ipserum
922 2905 947 2958 3.
960 2907 1018 2977 Qui
1028 2911 1191 2962 omeliarum.
1203 2911 1271 2964 etot.
1289 2910 1331 2962 De
1349 2911 1404 2963 Xe-

332 3000 415 3036 rerum
427 2999 485 3050 que
495 2999 553 3032 eum
567 2991 697 3052 tantopere
707 2979 840 3034 delectant.
889 2983 1036 3055 noplronte‚
1049 2987 1159 3039 Socratis
1171 2987 1296 3062 discipulo
1307 3001 1331 3041 et
1341 2989 1403 3040 ami·

334 3061 407 3113 Unde
419 3079 506 3114 tenant
518 3079 525 3112 ι
538 3059 703 3113 Obliviaeitnr
714 3059 819 3131 quiaque
831 3097 839 3126 ,
889 3081 919 3113 eo
929 3099 938 3126 ,
949 3061 1005 3115 hee
1022 3064 1138 3137 accipias.
1159 3065 1237 3137 Diog.
1255 3067 1338 3117 baert
1359 3065 1401 3128 ΙΙ,

332 3157 386 3191 non
398 3150 507 3204 temere,
521 3137 701 3202 intransitio,
714 3139 839 3203 eadm,
890 3142 934 3202 55;
951 3140 987 3192 ib.
1002 3141 1102 3212 Menag.
1120 3155 1235 3194 noenum
1250 3141 1335 3194 locum
1349 3162 1401 3193 non

332 3227 356 3268 et
368 3237 425 3268 mor
440 3215 550 3289 peritura
565 3236 617 3270 eoae
631 3235 688 3286 que
700 3217 729 3269 in
743 3215 841 3270 deliciis
889 3217 1006 3289 neglexit.
1017 3218 1102 3271 Veler.
1115 3221 1181 3272 Max.
1194 3221 1227 3282 V,
1245 3239 1284 3272 ιο.
1294 3221 1402 3291 Grylios

333 3293 415 3346 babet.
889 3295 956 3348 filius
967 3297 1033 3370 apud
1044 3297 1203 3350 Mantineam
1215 3300 1242 3350 in
1254 3317 1339 3372 pugna
1353 3300 1403 3349 La-

365 3391 389 3424 ·ι.
402 3371 440 3425 Et
455 3375 571 3426 subitum
572 3410 622 3427 ......
620 3373 647 3446 s
641 3383 756 3427 utrumn.
768 3376 841 3447 Apo·
889 3374 1118 3437 cerimoniarum,
1130 3397 1145 3428 a
1154 3397 1263 3448 qnorum
1275 3389 1343 3451 parte
1353 3389 1403 3429 ste-

332 3450 468 3522 phthegma
482 3451 716 3524 ingeniosissimum
727 3452 803 3505 simul
815 3466 840 3506 et
890 3451 935 3515 tit,
954 3471 1012 3504 curn
1023 3453 1152 3506 Thebanis
1164 3455 1264 3508 eccidit.
1287 3455 1402 3523 Quidam

332 3530 488 3584 verissimum
501 3533 764 3604 explicaviteopioaiua
776 3536 839 3588 Noe·
888 3542 972 3583 tamen
984 3534 1139 3605 Anaxagora
1149 3534 1202 3587 haec
1210 3533 1332 3586 tribuunt.

332 3620 381 3659 tras
396 3605 573 3680 Laersorrtar'ne,
598 3610 626 3662 in
643 3629 695 3662 una
712 3631 725 3662 e
742 3609 840 3664 sabellii
922 3606 1404 3687 4-Hut'creisuatu1i.Nonlienophon·

332 3684 399 3746 suis}
413 3706 470 3756 qun
484 3686 630 3740 inscribitur
640 3689 682 3740 La
697 3687 771 3742 Mon
782 3700 808 3742 et
819 3693 843 3742 10
888 3687 920 3738 tis
930 3699 987 3738 aunt
999 3687 1074 3740 verba
1087 3725 1094 3752 ,
1109 3689 1153 3741 red
1168 3690 1281 3742 Lacenae
1295 3709 1336 3764 ap.
1348 3691 1403 3744 Cic.

333 3763 475 3832 Moumut,
488 3765 514 3816 L.
523 3767 595 3828 tht,
613 3767 631 3818 s.
648 3785 670 3830 r,
684 3766 712 3819 in
724 3787 773 3836 que
786 3767 840 3822 hoc
888 3764 964 3818 Tute·
975 3765 1056 3836 dbpp·
1067 3766 1090 3828 1.
1099 3766 1130 3829 4²
1146 3763 1191 3816 fin·
1203 3765 1310 3820 Ssstlult'
1318 3781 1401 3820 tutem

333 3843 467 3917 leguntur:
889 3841 921 3892 ad
942 3842 1016 3894 illum
1031 3863 1105 3894 uanrn
1123 3844 1214 3896 alludit
1231 3864 1283 3914 qun
1296 3865 1401 3918 puerum

891 3921 1064 3974 modonatnm
1076 3921 1155 3975 humo
1165 3921 1269 3974 tollebat
1275 3936 1346 3994 peter
1352 3961 1360 3988 ,
1369 3924 1402 3976 sic

408 3995 436 4032 ¹⁴·
444 4004 497 4035 “²⁰¹²
504 4009 528 4062 ξ’
537 3997 632 4068 ΝΜ
639 3999 759 4067 1⁸⁶¹}th
892 3997 1016 4050 nunciant
1025 3998 1075 4050 eibi
1084 4019 1135 4050 nnn
1144 3999 1277 4071 displicere
1288 4001 1385 4073 prolem
1394 4043 1401 4067 ‚

410 4055 708 4130 ¹¹⁶¹²⁰¹¹¹⁰“'¹P'⁶¹⁸⁹‘¹'¹'‘.'
891 4088 917 4128 at
932 4075 960 4128 in
976 4076 1114 4130 liberorum
1126 4097 1261 4131 nnmerum
1274 4080 1365 4154 recipi,
1378 4095 1402 4132 et

407 4117 483 4158 s'kum
490 4131 514 4157 tu
523 4119 630 4158 ini-mine
637 4130 711 4159 avertar
1008 4155 1014 4166 .

334 4177 364 4216 Du
374 4187 423 4218 tene
430 4180 456 4220 eir
464 4180 506 4220 i'oa
513 4195 533 4220 ee
541 4182 585 4221 duit
592 4181 684 4220 rieoedre
692 4183 703 4219 'a
711 4195 732 4221 ee
739 4197 825 4234 punge.
893 4167 993 4224 pamm
1007 4173 1033 4206 'n
1044 4155 1121 4207 d⁰m⁰
1132 4155 1262 4208 ‘dmum
1276 4157 1339 4209 ἴση·
1351 4159 1403 4210 R0'

371 4242 396 4278 te
405 4249 462 4288 ιιι»,
472 4240 527 4280 heta·
536 4241 842 4292 teneremur-terremur.
892 4249 1028 4284 manorum
1037 4231 1169 4298 duntaxat,
1190 4247 1214 4286 et
1225 4236 1309 4286 sumn
1323 4234 1405 4288 itala-
