2966 4948
290 447 357 512 216
457 442 523 512 An
548 441 819 512 POLYBlUll
842 439 1200 512 CONSOLATlO.

291 592 341 642 tas
357 572 449 666 quod
472 577 535 642 ista
555 575 688 652 amisit,
714 597 758 640 sn
781 572 917 640 beatum
933 571 1030 662 qnod
1061 595 1130 638 non
1155 567 1363 641 desiderat?

290 693 373 760 mihi
393 691 517 772 crede,
539 693 568 758 is
586 690 718 760 beatior
734 705 806 774 est,
826 691 882 758 cui
901 691 1035 756 torum
1053 713 1263 781 superuncta
1277 701 1354 764 est,

289 829 390 898 quum
404 807 434 872 is
449 807 505 872 cui
522 821 639 898 parstn
659 810 748 872 αι’.
767 805 891 874 Omnia
910 805 977 872 ista
992 803 1100 886 bona,
1120 829 1197 897 quae
1210 828 1273 873 nos
1286 825 1359 894 spe·

289 920 401 1006 cioca,
418 917 478 986 sed
489 917 601 986 fallaci
613 917 788 1012 voluptate
800 915 992 998 delectant,
1007 918 1176 1009 pecnnia,
1192 917 1355 1012 dignita,

290 1038 452 1130 potentia,
465 1035 600 1127 aliaque
613 1035 800 1128 complure,
816 1033 861 1102 ad
875 1059 951 1126 quae
965 1036 1104 1127 generis
1115 1035 1256 1103 humani
1270 1055 1359 1102 m

290 1149 458 1245 cupiditas
477 1150 727 1244 obstupescit¹,
744 1173 820 1218 oum
834 1149 950 1218 labore
962 1150 1197 1244 possidentur,
1213 1173 1292 1218 cum
1306 1149 1358 1214 in-

290 1267 382 1334 vidis
395 1267 670 1360 conspiciuntur,
688 1289 814 1358 eosque
824 1268 916 1359 ipsos
928 1289 1015 1359 quos
1028 1283 1213 1348 exornant,
1230 1283 1267 1335 et
1279 1289 1359 1360 pre-

291 1401 388 1454 munt
404 1412 412 1450 :
428 1385 506 1478 plus
522 1385 717 1464 minantur,
733 1407 835 1475 qnam
853 1401 1016 1476 prosunt,
1036 1383 1167 1454 lubrica
1178 1402 1213 1452 et
1226 1386 1357 1452 incerte

291 1515 392 1582 sunt3
407 1521 582 1590 nunquam
593 1498 682 1566 benc
698 1513 877 1580 tenentum
889 1493 1034 1566 namut⁵
1047 1498 1135 1566 nihil
1148 1497 1192 1566 de
1205 1515 1356 1590 tempore

292 1617 405 1686 futuro
420 1617 599 1694 limatur,
620 1615 694 1706 ipsa
712 1631 825 1682 tumen
841 1637 972 1706 magne
986 1614 1155 1682 felicitatis
1169 1614 1276 1683 tutelo
1291 1615 1357 1682 sol-

250 1741 266 1791 3
292 1731 385 1800 licita
398 1723 483 1798 est⁴.
506 1731 542 1799 Si
555 1729 641 1796 velis
653 1728 795 1798 credere
808 1729 910 1796 altius
925 1730 1101 1796 veritatem
1117 1721 1357 1811 ⁵iutuentibus,

292 1851 401 1922 omnis
417 1850 487 1914 vita
500 1846 705 1940 supplicium
719 1861 782 1914 est.
799 1847 839 1913 ln
853 1847 918 1914 hoc
931 1845 1139 1938 profundum
1153 1848 1362 1940 inquietum·

293 1989 360 2056 que
379 1963 522 2056 projecti
539 1985 645 2042 mure,
662 1961 803 2028 alternis
817 1960 954 2028 restibus
972 1963 1198 2055 reciprocum,
1213 1979 1250 2030 et
1262 1961 1361 2031 modo

292 2081 441 2150 allevans
457 2103 519 2147 nos
534 2078 654 2146 subitis
668 2078 906 2160 incrementis,
920 2076 1020 2146 modo
1033 2079 1217 2170 majoribus
1229 2079 1363 2148 damnis

293 2194 451 2264 deferens
469 2244 479 2276 ,
503 2193 707 2286 assidueque
721 2194 877 2285 jactans,
902 2217 1078 2284 nunqnam
1096 2193 1209 2262 stabili
1230 2197 1361 2264 oonsis-

294 2315 394 2381 timus
411 2311 484 2380 loco
507 2339 515 2378 ε
537 2303 800 2405 pendemus⁶et
816 2310 1041 2394 fluctuamur,
1062 2327 1097 2378 et
1112 2311 1200 2380 alter
1216 2314 1253 2380 in
1277 2313 1363 2382 altc-

294 2455 369 2498 rum
384 2429 549 2497 illidimur
561 2479 571 2512 ,
584 2444 619 2498 et
630 2427 813 2520 aliquando
824 2426 1040 2520 naufragium
1053 2427 1210 2510 facimus,
1226 2429 1364 2523 semper

294 2547 461 2614 timemus.
481 2547 522 2613 ln
536 2546 602 2616 hoc
615 2561 682 2614 mm
695 2541 900 2636 procelloso,
917 2544 1001 2611 etin
1018 2567 1134 2612 omncs
1149 2560 1365 2639 tempestates

294 2663 444 2756 exposito
462 2667 472 2710 ⁷
498 2663 582 2730 muti
605 2659 870 2753 navigantibus,
891 2659 1006 2727 nullus
1023 2676 1143 2752 portus
1161 2663 1228 2730 nisi
1246 2663 1365 2734 mortis

262 2789 269 2810 ‘
297 2794 358 2847 cst.
379 2782 430 2848 Ne
448 2781 563 2870 itaque
582 2775 746 2846 invideris
760 2777 857 2845 fratri
879 2791 936 2844 tuo
955 2803 962 2842 ε
979 2779 1144 2868 quiescit,
1168 2778 1305 2848 tandem
1325 2780 1367 2847 li-

296 3053 345 3104 que
357 3031 494 3105 plurimum
506 3029 573 3104 apud
585 3029 723 3103 principem
735 3043 806 3103 pote-
855 3029 1065 3082 tumentibusld
1073 3032 1302 3104 metempsychosin
1311 3033 1365 3087 line

297 3122 352 3174 rat,
364 3109 433 3178 quod
445 3107 513 3160 hune
520 3108 602 3180 ipsum
613 3107 727 3182 princeps
739 3127 807 3160 sma-
855 3120 982 3181 spectant,
994 3108 1087 3162 Stoicis
1097 3131 1174 3182 quam
1186 3113 1296 3164 maxime
1305 3113 1367 3166 alie·

297 3187 338 3240 bet
346 3200 370 3240 et
379 3187 451 3238 multi
460 3185 580 3251 siciebat,
590 3184 726 3258 plurimum
738 3185 807 3256 quod
857 3205 915 3238 uem
927 3203 934 3237 ε
944 3197 970 3236 at
977 3186 1129 3260 Pythagora
1139 3201 1165 3241 ct
1173 3189 1365 3259 quodammodo

298 3263 342 3316 tibi
354 3265 430 3315 lrster
441 3276 500 3315 erat
857 3264 957 3316 Platoni
974 3265 1114 3336 propriam,
1134 3285 1192 3336 qua
1204 3267 1365 3340 potissimum

333 3339 807 3412 r.Isbentior...poretaest.lismque
857 3343 960 3397 inventa
984 3357 1009 3396 et
1030 3342 1134 3398 inducta
1155 3359 1192 3397 est
1216 3359 1364 3419 propterea,

298 3439 329 3471 ne
349 3419 376 3470 in
389 3418 435 3471 boc
451 3418 552 3489 quidem
571 3417 676 3482 laborat,
693 3429 721 3470 ut
732 3429 807 3490 optet.
857 3434 884 3472 ut
904 3422 1076 3474 ostenderetur
1095 3423 1175 3488 ratio,
1195 3445 1244 3495 qua
1261 3427 1365 3478 tandem

331 3517 353 3548 α.
366 3495 535 3565 obstupescit.
544 3495 578 3546 Ut
586 3513 624 3546 res
634 3494 750 3547 omnium
756 3495 808 3566 pnl-
857 3497 984 3551 animust
1002 3501 1113 3572 corporis
1130 3503 1284 3576 contagione
1301 3504 1367 3556 liber

298 3574 434 3627 cherrimus
452 3573 557 3625 miretur
574 3583 645 3624 muta
662 3584 685 3622 et
700 3571 806 3624 immolo
857 3576 888 3628 ad
909 3577 996 3630 altiora
1014 3591 1037 3629 et
1055 3578 1165 3632 beatiora
1185 3579 1259 3634 evelti
1277 3593 1367 3652 posset.

297 3654 378 3706 vultu.
858 3655 897 3706 Cs.
908 3654 1076 3708 'liederusurn
1090 3655 1166 3710 Getis
1175 3659 1223 3710 der
1233 3677 1299 3726 spec.
1307 3659 1368 3711 Pte·-

330 3729 354 3782 3.
369 3729 412 3782 Ut.
425 3729 588 3799 Quanquam.
856 3737 904 3785 los.
918 3733 940 3796 l,
954 3731 1000 3784 136
1013 3752 1067 3804 sqq
1081 3734 1115 3800 ll,
1133 3733 1244 3805 tssqsqq.

330 3809 353 3873 4.
367 3807 474 3875 Magne
475 3843 532 3858 .......
542 3804 807 3859 sollicitansltebns
889 3809 914 3862 6.
947 3809 1103 3862 Prodemus.
1132 3812 1225 3885 Virgil.
1259 3813 1368 3866 AEneid.

299 3887 407 3939 nimium
424 3884 546 3958 prosperis
554 3883 604 3937 lrui
614 3903 666 3936 non
676 3903 807 3956 possumus
856 3883 900 3936 lib.
912 3887 933 3949 l,
945 3905 981 3937 vs.
993 3885 1039 3938 toli
1049 3903 1055 3937 ι
1066 3909 1080 3933 σι
1088 3886 1123 3938 lli
1139 3907 1240 3942 summo
1249 3889 1278 3942 in
1290 3891 1368 3944 fluctu

298 3965 352 4017 siue
368 3961 580 4016 sollicitudinibus
597 3960 692 4012 multis.
715 3960 808 4013 Tutela
857 3963 975 4032 pendeus
989 3987 1002 4012 s

298 4039 805 4109 enirnhieestlereidemquodpossesst'o,
891 4041 1367 4114 7.1nonuoeseempestaoseaeposuo

295 4121 459 4172 conservatio.
856 4119 1003 4172 Notandum
1023 4123 1050 4172 el
1069 4125 1190 4192 exposito
1207 4143 1265 4175 eum
1287 4127 1315 4175 in
1341 4137 1365 4176 et

331 4197 354 4250 5.
362 4193 394 4250 St
400 4199 464 4251 vetis
476 4198 576 4251 credere
583 4197 663 4250 ultius
672 4198 806 4250 veritotem
855 4195 997 4250 accusativo
1009 4215 1074 4250 casn.
