2978 4942
419 492 518 560 uta.
544 489 618 577 tv,
640 491 753 570 xcan
780 493 822 560 r.
1103 493 1175 586 ⁴69
1275 526 1280 540 -

89 647 224 694 annum
242 621 404 716 digestae,
421 637 460 690 nt
477 621 580 690 inerti
594 644 731 713 quoque
745 622 883 692 fortuita
895 638 995 692 terrae
1012 623 1173 692 alimenta

91 737 292 832 praeberent
304 734 327 832 l·
343 741 416 807 Jam
442 736 601 806 animalia
617 739 727 806 omnis
748 737 910 831 generis,
936 738 1003 805 alia
1029 738 1173 805 insieco

91 854 296 947 solidoque,
315 855 382 923 alia
402 855 439 922 in
457 852 599 922 humido
617 855 851 938 innascentia,
867 853 935 922 alia
948 877 1012 947 per
1028 852 1172 922 sublime

93 970 239 1040 dimissa
258 998 266 1038 ι
282 987 321 1039 ut
334 973 443 1039 omnis
466 994 582 1040 rerum
596 987 724 1039 naturae
743 995 823 1065 pars
845 969 1012 1038 tributum
1035 965 1175 1059 aliquod

93 1093 199 1162 nobis
213 1089 401 1162 conferret!
417 1092 575 1161 Flumina
588 1093 662 1162 haec
674 1093 909 1161 amoenissimis
925 1090 1069 1159 flexibus
1081 1114 1175 1160 eam·
1201 1123 1215 1153 ι

95 1235 163 1303 pos
192 1211 385 1304 cingentia,
409 1210 468 1277 illa
484 1209 671 1304 praebitura
697 1210 909 1280 commerciis
928 1210 1016 1277 viam
1036 1212 1060 1290 ¹,
1082 1223 1176 1278 vasto

95 1345 133 1397 et
153 1328 342 1422 navigabili
367 1348 470 1397 cursu
497 1326 677 1410 cadentia,
705 1326 889 1419 exquibus
909 1324 1064 1419 quaedam
1082 1327 1178 1394 atatis

98 1441 227 1512 diebus
244 1442 401 1518 mirabile
421 1445 668 1513 incrementum
696 1442 862 1527 trabunt,
884 1460 922 1512 ut
940 1440 1037 1512 arida
1055 1459 1089 1511 et
1106 1443 1176 1510 fer-

96 1563 197 1636 venti
216 1561 369 1655 subjecta
386 1560 469 1629 eaelo
486 1561 560 1630 loca
577 1561 689 1630 subita
714 1563 765 1629 vis
784 1561 895 1657 ¹aestivi
914 1562 1075 1630 torrentis
1094 1561 1177 1629 irri-

97 1695 161 1773 get
173 1677 203 1752 ’ἶ
218 1677 314 1772 Quid
329 1677 572 1749 medicatorum
583 1679 783 1750 torrentium
794 1702 889 1746 veuae
900 1669 913 1713 ³
926 1678 1035 1769 tquid
1045 1679 1081 1747 in
1096 1678 1178 1771 ipsis
1226 1693 1228 1698 '

98 1797 262 1886 litoribus
277 1819 443 1888 aquarum
464 1789 668 1864 calentium⁴
688 1792 895 1864 exundatio?

228 2005 420 2024 .......
441 1959 508 2038 Te,
525 1957 598 2022 Lari
613 1960 759 2036 maxime,
773 1973 862 2040 teque

225 2059 396 2140 lluetibus,
409 2074 441 2124 et
450 2060 573 2124 fremitu
585 2081 762 2145 assurgens,
774 2059 897 2124 Benace
903 2059 926 2140 ⁵,
940 2061 1079 2124 marino?

100 2241 171 2295 varii
182 2241 286 2316 generis
296 2243 390 2294 fruetus
408 2252 431 2292 et
441 2239 507 2293 varii
521 2240 617 2313 saporis
667 2240 723 2293 aliis
735 2260 899 2303 moveamur,
916 2241 970 2295 istte
985 2260 1010 2292 se
1022 2252 1140 2302 movent,
1156 2253 1181 2294 et

98 2320 245 2373 educantis.
255 2319 322 2373 Nam
334 2319 380 2372 alii
390 2319 487 2386 amari,
500 2317 545 2372 alii
559 2319 617 2371 dul·
666 2318 810 2372 immobiles
818 2339 864 2374 nos
873 2340 940 2392 ,qno
953 2319 991 2373 ire
1002 2339 1074 2372 mens
1085 2332 1137 2387 cst,
1149 2339 1182 2374 eo

98 2397 195 2463 ees,bi
206 2398 268 2453 sicci
280 2411 305 2451 et
314 2397 464 2471 strigosi,bi
474 2415 551 2450 succo
560 2415 618 2450 sua·
667 2399 840 2468 transvehunt

100 2477 208 2532 vissimo
227 2488 376 2542 manantes,
395 2486 441 2528 ete.
458 2472 564 2526 Infinita
582 2487 619 2526 est
703 2497 726 2530 s.
739 2479 790 2532 Ex
800 2481 895 2548 quibus
906 2482 1030 2549 quedam
1043 2487 1180 2533 satis........

101 2568 201 2612 nature
220 2554 340 2621 varietas,
363 2573 416 2606 non
434 2553 462 2604 in
483 2551 618 2624 generibus
669 2559 766 2625 irriget.
776 2557 815 2608 'Ut
823 2555 898 2608 Nilus
908 2556 1044 2628 etquidem
1056 2555 1108 2608 alii.
1118 2558 1180 2611 vid.

100 2647 202 2690 hatum
211 2633 390 2708 procreandis,
402 2632 446 2685 sed
458 2645 483 2685 et
490 2632 517 2684 in
528 2630 619 2704 speeie·
669 2635 728 2687 Nat.
741 2636 837 2704 Quaest.
848 2635 901 2697 lll,
914 2635 956 2688 ab.

101 2714 153 2771 bns
160 2735 168 2780 ;
187 2715 221 2766 ita
233 2726 262 2768 ut
273 2735 297 2766 r.
309 2733 334 2786 g.
344 2710 461 2781 pirorum
474 2709 530 2785 plus
543 2728 619 2780 quam
702 2711 726 2764 3.
738 2711 928 2765 Meds'ratorum
940 2716 1089 2766 torrentium
1101 2731 1180 2766 venoe.

101 2805 207 2848 eentum
222 2792 316 2864 speeies
334 2787 412 2842 bodie
434 2797 617 2851 numerentur,
669 2789 710 2841 De
726 2787 856 2843 medicatis
871 2789 1039 2856 torrentibus,
1051 2811 1096 2843 sen
1110 2791 1181 2863 aquis

103 2883 130 2922 et
141 2871 178 2924 sie
189 2869 223 2923 'de
235 2868 299 2924 aliis.
669 2867 795 2937 loquitur,
804 2867 831 2918 in
838 2865 1054 2940 quibnssulpbur,
1063 2869 1180 2934 alumen,

138 2943 617 3011 clttapraebtnamcommerctisviam,
667 2945 776 3010 serrum,
789 2955 848 3009 etc,
861 2964 908 2999 nos
918 2965 1038 3000 vocamus
1048 2967 1125 3019 aquas
1133 2948 1181 3001 mi:

101 3033 197 3086 vasto,
215 3035 261 3078 etc.
272 3022 408 3076 Erssmnm
420 3040 520 3092 sequor.
536 3018 618 3072 codd.
669 3019 786 3084 nerales,
807 3019 840 3072 de
855 3022 946 3090 quibus
960 3023 1011 3094 egit
1027 3023 1095 3076 Plin.
1115 3025 1180 3079 llist.

103 3121 159 3158 non
169 3102 248 3174 longe
259 3101 396 3154 recedunt:
407 3101 561 3153 commercia
571 3101 620 3152 via
667 3101 728 3152 Nat.
740 3138 748 3166 ,
761 3099 805 3154 lib.
817 3101 905 3155 xm
918 3101 988 3169 init,
1004 3101 1048 3156 ubi
1061 3103 1092 3157 de
1110 3106 1181 3159 sonte

102 3192 190 3236 vasto.
207 3180 346 3238 Pincianus
360 3199 421 3232 vero
437 3199 450 3231 e
468 3177 520 3230 suis
533 3196 620 3229 mem-
669 3175 801 3230 Ciceronis
815 3177 894 3230 oeulis
906 3179 1023 3232 medente
1034 3192 1058 3232 et
1069 3179 1101 3232 de
1116 3179 1181 3234 aliis.

102 3261 191 3315 branis
210 3259 314 3332 castigat
336 3259 509 3313 :commercia
531 3259 617 3322 mari,
700 3258 724 3326 4.
737 3257 879 3325 Aqrsarum
892 3261 1040 3312 calentium.
1053 3261 1082 3316 E.
1094 3281 1115 3315 c.
1124 3261 1181 3314 Bs-

102 3352 199 3404 mro,
212 3351 258 3394 etc.
273 3345 337 3391 Ante
351 3356 437 3390 versus
449 3333 555 3407 Virgilii
567 3333 619 3385 sli-
668 3335 758 3408 jarum.
772 3335 812 3388 Cf.
820 3335 868 3407 Ep.
880 3350 989 3401 txxxtx,
1002 3359 1043 3391 ιο.
1054 3353 1107 3393 not.
1118 3340 1179 3393 Ver·

103 3418 166 3490 quid
179 3415 268 3470 deesse
281 3414 377 3490 putavit
388 3412 503 3486 Lipsius,
517 3410 562 3481 qui
575 3422 619 3462 ts-
668 3433 709 3467 sus
721 3427 780 3466 sunt
790 3413 978 3468 celebratissimi
989 3417 1092 3489 Virgilii
1101 3419 1180 3471 Geor·
1287 3463 1292 3474 .

103 3514 168 3552 rnen
176 3513 229 3549 non
236 3491 375 3566 reputavit,
388 3491 511 3544 Senecam
523 3488 619 3562 irnpetu
669 3491 718 3564 gie.
728 3493 771 3556 ll,
790 3491 836 3545 ibo
854 3491 941 3544 laudes
958 3493 1035 3549 ltalia
1047 3496 1178 3570 complexi.

102 3571 178 3644 qnasi
192 3571 291 3645 poetico
311 3569 354 3622 bic
371 3565 468 3641 abripi,
486 3579 514 3618 ut
526 3564 618 3618 omisso
669 3571 699 3621 ln
707 3569 811 3623 lacubus
818 3570 996 3624 memorabiles
1003 3573 1177 3642 suntlssrr'us,
1202 3611 1206 3619 ι

103 3657 137 3723 τῷ
147 3652 216 3718 quid
224 3660 268 3701 ent
277 3658 398 3700 unneaut
407 3644 500 3709 simili,
509 3643 556 3696 bos
566 3661 619 3696 ver·
668 3669 737 3703 nunc
750 3651 824 3718 Lago
834 3652 865 3701 δι’
874 3651 971 3716 Conso,
984 3672 1028 3724 per
1037 3673 1114 3723 quem
1123 3655 1179 3709 Ad·

103 3747 148 3782 eus
162 3738 308 3801 apponeret.
321 3725 429 3798 Signum
441 3722 619 3794 interrogatio·
669 3727 718 3782 dua
731 3729 758 3782 in
770 3729 869 3782 Padum
885 3727 987 3796 inlinit,
1003 3745 1028 3783 et
1039 3731 1177 3800 Benacus,

104 3807 257 3879 niseVirg·
271 3805 366 3880 Georg.
383 3803 423 3872 ll,
444 3801 490 3856 160
506 3803 619 3877 apposui.
669 3827 738 3860 nunc
759 3807 833 3876 Lago
855 3810 885 3861 da·
907 3811 1015 3875 Gurdo,
1036 3831 1080 3883 per
1101 3831 1179 3883 quern

103 3913 139 3928 ..
148 3887 207 3940 ῙΙΙα
216 3886 360 3955 probitum
371 3883 528 3938 commerciis
537 3883 619 3932 etiam·
668 3883 798 3947 Mincius,
815 3897 932 3957 paternus
946 3885 1052 3960 Virgilii
1065 3888 1177 3953 llurius,

105 3963 141 4019 ll.
151 3965 169 4018 l.
185 3961 332 4016 memineris
345 3958 524 4036 proculdubio
540 3957 619 4029 inge·
669 3960 697 4012 in
707 3961 805 4013 Padum
818 3961 881 4014 flata
894 3965 928 4014 At
939 3965 970 4014 el'.
989 3963 1095 4039 interpp.
1104 3967 1177 4039 Virg.

106 4043 210 4096 niosurn
235 4040 330 4094 dictum
353 4037 476 4090 Nostratis
499 4035 619 4099 Pascal,
701 4039 724 4090 5.
736 4037 828 4090 Lari...
837 4037 950 4093 Benace.
962 4039 1086 4093 Vidnot.
1096 4062 1178 4116 sapen

106 4123 220 4176 Pensebs
229 4137 236 4172 :
246 4141 259 4166 a
270 4121 319 4171 Les
328 4117 431 4170 rivibres
439 4128 496 4170 sont
506 4115 551 4167 des
560 4135 619 4167 rou·
669 4113 757 4184 Quum
774 4115 802 4167 bi
821 4115 872 4168 duo
891 4137 977 4170 versus
992 4137 1079 4191 parum
1095 4122 1178 4174 stricte

106 4215 145 4254 tes
163 4211 313 4256 innovantes
328 4217 376 4268 que
392 4215 457 4248 nous
472 4214 490 4246 a
507 4193 618 4246 donne'es
668 4213 725 4244 euni
736 4191 930 4266 precedentibus
944 4195 1064 4265 baereant,
1076 4199 1181 4272 conjicit

107 4277 264 4330 lanatum.»
277 4275 411 4346 Namque,
425 4293 503 4343 quum
526 4271 553 4324 in
571 4269 618 4322 viis
668 4270 763 4343 Lipsius
774 4270 816 4324 bie
828 4273 951 4326 nonnulla
964 4274 1056 4328 deesse.
