2966 4948
304 499 369 562 250
463 495 530 562 DE
554 495 746 566 MORTE
770 497 992 568 CLAUDII
1016 500 1208 608 uultus.

302 633 379 682 tarat
390 623 420 681 in
435 645 441 680 :
447 619 581 699 sabulum
590 609 627 683 in
642 622 773 684 editione
785 621 946 701 Romana,
964 645 1055 707 quam
1069 645 1125 687 nos
1136 627 1271 708 primurn
1286 629 1381 688 secuti

303 749 443 790 sumus.»
460 725 509 788 Ex
528 749 588 809 qno
605 729 674 792 loco
687 743 845 812 utrumque
862 729 1036 808 lucramur,
1053 754 1145 814 quum
1159 733 1335 808 veritatem,
1347 735 1381 793 in

302 831 469 895 Germania
482 832 562 896 bunc
581 833 685 898 ludum
704 856 766 898 non
781 850 938 920 repertum
960 837 1095 920 primum
1110 838 1140 898 in
1159 837 1260 901 lucem
1280 862 1382 902 emer-

301 940 392 1014 sisse,
415 953 479 1002 tum
495 941 634 1003 notitiam
650 963 775 1024 prorsus
794 943 994 1025 incognitam,
1016 941 1125 1006 Romae
1144 947 1206 1028 jam
1228 959 1298 1007 ante
1322 967 1383 1007 an-

301 1068 374 1108 num
390 1043 465 1110 Cbr.
488 1047 567 1108 1515
587 1047 736 1130 prodiisse
750 1047 799 1111 vel
814 1048 951 1112 omnium
969 1047 1093 1113 Senecae
1114 1071 1242 1134 operum
1256 1052 1306 1115 vel
1320 1052 1383 1113 bu-

299 1155 363 1236 jus,
375 1154 455 1235 quod
464 1166 644 1228 tractamus,
660 1153 797 1236 opusculi
809 1153 991 1233 editionem,
1000 1156 1083 1238 cujus
1096 1177 1193 1238 neque
1201 1155 1380 1233 Fabricius,

300 1259 340 1322 ab
357 1257 501 1322 Emestio
515 1277 577 1322 non
594 1275 764 1338 correctns,
785 1282 883 1342 neque
903 1262 1063 1343 quisquam
1083 1263 1234 1325 editorum
1248 1285 1382 1346 sequen-

300 1365 375 1426 tium
395 1367 581 1428 mentionem
600 1366 710 1448 injecit.
728 1365 833 1447 Quum
852 1368 1001 1429 remotior'
1014 1368 1108 1430 sima
1129 1369 1310 1431 lautioribus
1332 1370 1384 1430 bi-

300 1470 477 1548 bliothecis,
501 1494 592 1553 qtmm
613 1486 646 1534 nt
666 1473 707 1534 ob
730 1473 808 1536 hanc
828 1473 991 1536 editionem
1010 1495 1171 1538 romanam
1198 1475 1384 1538 Andillredii
1447 1479 1471 1518 ι’

299 1577 485 1658 Panzerique
499 1577 596 1640 libros
610 1579 768 1641 consulere
788 1593 818 1640 et
837 1580 990 1660 inquirere
1008 1581 1142 1663 possim,
1161 1581 1239 1644 hanc
1253 1602 1383 1664 operam

299 1685 367 1748 aliis
385 1684 589 1746 literatoribns
609 1685 795 1766 relinquam,
815 1699 972 1748 contentus
986 1689 1141 1763 docuisse,
1155 1709 1223 1749 eam
1238 1701 1380 1766 exstare,

300 1806 380 1854 etex
398 1811 434 1852 ea
452 1789 548 1852 nostri
566 1789 628 1851 ludi
648 1791 780 1873 primam
791 1791 823 1852 iu
835 1788 1004 1854 Germania
1027 1794 1192 1856 editionem
1212 1817 1382 1858 emanasse.

299 1895 347 1959 Ex
359 1897 418 1960 bac
429 1897 559 1959 editione
570 1897 712 1981 deinceps
723 1897 754 1960 in
769 1911 886 1962 secutas
904 1901 969 1962 edd.
988 1901 1106 1962 transiit
1119 1901 1207 1963 ludus
1221 1905 1259 1964 de
1281 1917 1382 1966 morte

199 2017 203 2038 ¹
299 2003 419 2068 Claudii
439 2000 568 2067 Caesaris
588 2004 652 2067 sine
673 2004 734 2066 ulla
753 2005 817 2067 fere
842 2007 1008 2068 mutatione
1034 2021 1161 2091 propter
1185 2007 1323 2091 inopiam
1340 2023 1384 2070 'et

299 2131 439 2174 mancam
453 2111 539 2173 codd.
556 2133 628 2174 mss.
649 2113 862 2175 conditionem.
881 2111 1000 2176 Onmes
1017 2114 1099 2176 euim
1113 2114 1199 2176 codd.
1216 2135 1291 2176 mss.
1305 2136 1383 2196 quos

299 2219 339 2281 ab
354 2217 519 2280 editoribus
534 2217 660 2300 aliisque
676 2219 803 2282 collatos
820 2221 975 2303 comperi,
998 2221 1030 2281 in
1045 2221 1154 2283 iisdem
1169 2220 1285 2282 lacunis
1306 2243 1383 2284 con-

299 2327 429 2389 sentiunt
445 2350 453 2385 ι
471 2326 641 2410 prasertim
652 2326 824 2388 miserrime
834 2325 930 2389 habiti
941 2340 1011 2390 sunt
1029 2327 1060 2388 in
1075 2327 1218 2390 omnibus
1235 2325 1312 2406 loci,
1328 2329 1380 2392 ubi

299 2453 396 2515 graeca
414 2445 585 2495 occurrunt.

260 2538 265 2550 ’
338 2531 415 2614 Quae
436 2532 656 2600 observatioin
679 2531 758 2593 libro
775 2529 954 2594 Litcraturae
976 2552 1111 2595 romanae
1131 2533 1243 2607 unico,
1267 2531 1381 2616 quippe

298 2661 363 2722 quae
383 2639 495 2703 libellis
518 2640 663 2703 orationis
682 2639 787 2700 solutae
807 2640 943 2725 satyricis
963 2653 1075 2724 praeter
1093 2639 1174 2702 bunc
1191 2639 1257 2702 lere
1273 2637 1380 2716 c'aret,

297 2769 390 2828 quum
410 2770 461 2811 me
481 2748 533 2809 diu
551 2747 634 2809 male
652 2746 798 2824 baberet,
821 2767 878 2809 nec
898 2749 976 2810 unde
998 2769 1090 2830 opem
1111 2747 1263 2808 laboranti
1284 2767 1380 2830 opus-

297 2853 366 2917 culo
383 2853 466 2915 baud
483 2855 653 2936 spernendo
666 2875 835 2934 quaererem
856 2855 1001 2937 indagare
1018 2876 1162 2938 possem,
1183 2854 1382 2937 necopinato

298 2982 330 3022 se
346 2961 455 3023 obtulit
470 2960 547 3021 mibi
566 2959 685 3022 occasio
708 2961 846 3044 optima,
868 2981 926 3044 qua
945 2961 1026 3022 illius
1046 2961 1108 3022 voti
1128 2974 1304 3045 compotem
1329 2983 1381 3024 me

297 3066 365 3128 lieri
381 3087 470 3148 posse
491 3065 661 3148 sperabam.
680 3063 789 3126 Mense
803 3067 885 3126 enim
902 3063 1072 3127 Februario
1099 3067 1170 3126 anni
1190 3065 1382 3149 praeterlapsi

299 3173 438 3248 ineunte,
465 3171 585 3254 Bredocp
605 3169 666 3232 Vir
686 3170 819 3245 clariss,
845 3169 1007 3233 Professor
1027 3169 1146 3233 Histor.
1167 3171 1198 3234 in
1213 3171 1381 3235 Academia

299 3276 553 3354 llclmstadieusi,
575 3277 684 3339 urbem
707 3289 844 3338 nostram
866 3277 897 3336 in
914 3275 1022 3337 itinere
1040 3271 1196 3353 Parisios,
1213 3277 1266 3339 ubi
1288 3275 1381 3341 Geo-

298 3385 421 3470 grapbis
438 3383 572 3460 Graecis,
591 3382 707 3447 Latinis
725 3399 755 3446 et
774 3383 916 3446 Arabicis
938 3384 1061 3446 edendis
1082 3385 1214 3447 subsidia
1230 3360 1381 3469 petitrims

300 3505 385 3568 erat,
402 3492 535 3553 instituto
558 3491 656 3576 attigit
672 3511 782 3572 meque
803 3489 952 3553 convenit.
970 3487 1029 3552 Cui
1049 3511 1143 3572 quum
1159 3510 1252 3569 mos,
1273 3505 1308 3552 ut
1322 3491 1355 3554 fit
1370 3538 1379 3566 ,

299 3621 403 3662 curam
412 3621 515 3660 meam
526 3599 730 3683 aperuissem,
749 3611 812 3658 tam
827 3596 924 3658 amice
943 3597 974 3657 in
992 3597 1168 3659 societatem
1184 3599 1247 3680 ejus
1262 3598 1309 3659 rei
1323 3601 1381 3660 de-

300 3705 395 3782 venit,
409 3719 581 3788 unumque
595 3705 671 3767 milti
687 3704 862 3767 comitatem
881 3704 1026 3776 ostendit,
1048 3718 1081 3766 ut
1097 3705 1174 3766 adeo
1194 3727 1260 3786 qnae
1277 3719 1381 3789 posset

256 3849 270 3857 -
299 3813 429 3876 libenter
456 3835 488 3875 se
511 3813 689 3876 effecturum
707 3811 920 3896 promitteret,
947 3830 985 3872 ne
1007 3810 1128 3874 libellus
1148 3812 1253 3890 hicce,
1275 3811 1300 3873 si
1324 3834 1380 3896 per
1410 3817 1413 3823 “

301 3943 332 3983 se
350 3935 458 3993 staret,
486 3922 615 4004 amplius
631 3933 676 3983 tot
697 3921 812 3982 lacunis
834 3932 971 3982 scateret
991 3918 1075 4000 Quid
1094 3919 1213 3980 multa?
1234 3920 1380 4002 promissi

300 4027 376 4088 mibi
390 4027 459 4089 iacti
474 4027 564 4090 lidcm
578 4028 735 4110 prrestitit,
755 4041 784 4087 et
805 4026 946 4090 undecim
962 4021 1110 4090 Codicum
1129 4047 1201 4088 mss.
1220 4021 1381 4088 Parisino-

302 4154 407 4195 ruma
431 4155 462 4195 se
485 4131 649 4194 maximam
674 4145 792 4215 partem
809 4131 990 4193 collatorum
1009 4129 1187 4195 Lectionem
1211 4133 1381 4195 variantem

300 4239 488 4324 perhumane
511 4240 586 4301 mibi
607 4239 715 4318 misit:
735 4240 824 4320 quid,
851 4241 952 4320 quod,
975 4261 1068 4321 quum
1094 4240 1380 4314 animadvertisset,
1415 4279 1419 4286 ·
