2966 4948
696 643 1046 708 ARGUMENTUM

524 861 582 924 (nr
599 871 740 913 srnsnrr
757 871 937 913 rnonorsnr
955 864 1215 918 νινεητιοκι.)

791 1093 928 1118 ι*

368 1369 597 1444 Satyrablenippea
605 1381 707 1439 eat,que
715 1368 766 1422 sale
775 1369 850 1442 nigro
857 1371 956 1424 latumn
962 1367 1064 1424 Cleudii
1074 1369 1178 1423 Caesaris
1184 1369 1351 1444 esputlepide
1363 1370 1409 1422 de-

336 1452 416 1508 frieat.
425 1454 493 1524 Quia
500 1454 674 1508 enimmortno
681 1453 790 1510 caelestes
797 1453 906 1506 bonores
913 1455 1011 1508 fuerant
1017 1453 1119 1522 decreti,
1130 1451 1270 1527 lingiteum
1280 1453 1308 1505 in
1314 1455 1408 1506 eoelum

337 1539 494 1604 ascendisse,
507 1552 532 1592 et
545 1539 681 1614 postulasse
697 1538 762 1592 inter
773 1539 843 1590 Deos
859 1537 947 1613 recipi.
964 1537 1045 1591 Causa
1057 1539 1110 1610 ejus
1126 1538 1154 1590 in
1166 1537 1276 1590 coneilio
1288 1539 1408 1592 Deorum

336 1624 427 1698 agitari
436 1637 524 1700 coepta,
531 1622 657 1697 Diespiter
668 1633 692 1675 et
700 1621 821 1676 Hercules
831 1622 859 1674 in
869 1641 927 1675 eum
940 1622 1013 1696 proni
1025 1623 1107 1687 ,alios
1119 1622 1193 1674 etiarn
1204 1620 1408 1686 inclinaverant;

336 1727 415 1779 quum
425 1708 506 1760 Divus
511 1709 638 1781 Augustus
648 1723 791 1782 exsurgens,
804 1706 932 1760 recensitis
941 1706 996 1782 pari
1007 1706 1152 1776 eloquentis
1162 1718 1187 1758 et
1196 1705 1276 1757 animi
1287 1706 1409 1780 indigna·

336 1792 405 1845 tione
415 1791 541 1860 caedibus,
554 1791 624 1861 queis
635 1790 662 1842 io
671 1791 776 1844 domurn
787 1811 860 1844 snam
869 1805 893 1843 et
902 1792 1046 1845 Romanam
1055 1790 1212 1842 nobilitatem
1220 1789 1312 1864 passim
1324 1789 1409 1841 Clan-

336 1875 393 1928 dius
408 1865 532 1948 grassatus
547 1887 613 1936 erat,
627 1874 698 1928 brevi
714 1875 833 1949 perfecit,
846 1886 874 1927 ut
884 1893 973 1927 omnes
980 1873 1087 1948 pedibus
1099 1873 1125 1926 in
1137 1893 1209 1925 snam
1220 1873 1374 1925 sententiam
1384 1887 1410 1924 et

338 1958 440 2013 Claudii
458 1958 648 2012 damnationem
660 1958 840 2026 concederent,
854 1955 1071 2028 detrahereturque
1081 1957 1114 2010 ad
1126 1957 1219 2012 inferos
1231 1955 1296 2020 ,ubi
1308 1957 1410 2009 teucris

336 2041 402 2094 ludit
413 2053 512 2116 pertuso
523 2039 630 2108 fritillo,
644 2041 765 2114 datusque
776 2039 878 2120 insqper
890 2039 1033 2097 Menandro
1046 2039 1123 2094 AEaoi
1137 2038 1199 2104 (sive
1211 2037 1267 2092 Gaii
1281 2037 1410 2112 §aligulae

336 2117 454 2192 mavelis)
465 2125 570 2192 liberto,
583 2137 611 2179 ut
623 2125 647 2178 ei
657 2138 719 2179 esset
730 2147 745 2179 a
757 2125 949 2197 cognitionibus
958 2115 966 2179 ξ
976 2138 1006 2178 ut
1017 2145 1108 2198 nempe
1121 2123 1286 2176 calidissimus
1300 2124 1408 2188 aleator,
1431 2111 1434 2118 .

339 2221 422 2262 ettoto
434 2208 574 2282 principato
581 2206 677 2261 libertis
685 2208 735 2263 suia
745 2207 867 2264 obnoxius
878 2210 920 2276 ,in
930 2221 1035 2280 utroque
1047 2228 1098 2279 qno
1106 2219 1259 2281 peccaverat,
1266 2207 1407 2280 puniretur.

340 2293 466 2348 Ceterum
479 2329 487 2358 ,
498 2311 572 2346 cansa
582 2293 696 2366 satyricis
705 2293 863 2368 scriptionis,
874 2295 974 2352 fatuitas
990 2293 1110 2360 Claudii,
1122 2305 1147 2347 et
1157 2293 1281 2346 memoria
1289 2293 1410 2363 injnn'ae,

339 2395 389 2446 qua
404 2375 436 2428 ab
457 2395 506 2444 eo,
523 2375 656 2431 centolio
668 2373 730 2432 filio
741 2376 887 2432 Germanici
907 2377 1019 2442 adulter,
1036 2376 1133 2430 Seneca
1148 2375 1177 2430 in
1200 2375 1305 2430 exilium
1319 2375 1409 2448 pulsus

336 2461 426 2513 luerat.
