2952 4938
297 473 364 544 poo
500 447 571 518 DE
595 449 910 521 MUtttttthls
932 451 1171 524 POCULlS

293 591 395 658 Maon
408 591 461 654 udo
480 590 629 676 significat
644 592 812 678 legitimam
833 593 948 673 ollam,
970 597 1056 678 quasi
1075 596 1213 675 diceres,
1229 615 1375 660 rasonnu

292 696 428 760 omnium
447 719 542 782 genus
562 700 852 782 praestantissimum.
873 697 950 764 Sunt
968 703 1032 785 ejus
1050 703 1184 766 nominis
1199 722 1276 764 vasa
1296 704 1379 765 anti-

291 799 391 880 quitus
405 819 441 860 ex
455 799 519 862 luto
536 799 733 864 subtilissimo
748 801 816 866 fieta
831 802 862 864 iu
877 802 976 865 insula
991 804 1095 864 Mauri
1102 825 1140 884 qu
1154 807 1254 880 simu,
1271 805 1305 866 id
1316 819 1376 878 ost,

293 902 390 968 insula
405 907 521 980 Mauri,
538 926 604 988 qrue
618 905 661 968 ol)
676 906 811 990 perditos
825 907 937 972 civium
950 928 1055 972 mores
1070 911 1089 970 a
1102 909 1177 987 diis,
1194 911 1282 992 quod
1300 931 1378 974 nar-

293 1021 381 1086 rant,
397 993 472 1070 oliin
486 1009 644 1072 submersa
658 1023 705 1072 est
721 1034 729 1070 ε
745 1011 802 1074 sita
821 1011 877 1074 suit
892 1032 990 1097 prope
1010 1013 1176 1076 Fumosom
1190 1015 1380 1080 iamlam.

292 1119 396 1182 Mauri
402 1142 440 1199 qn
452 1123 528 1182 saluo
539 1120 637 1184 insula
654 1119 710 1182 fuis
727 1123 808 1205 apud
823 1122 941 1205 priscos
955 1122 1118 1198 mortales,
1134 1145 1171 1186 ex
1184 1123 1295 1208 pingui
1310 1125 1381 1186 eolo
1457 1157 1458 1182 r

291 1224 422 1308 inclyta,
439 1247 523 1307 qna,
546 1238 657 1309 praeter
672 1239 802 1304 caetera,
819 1228 962 1312 argillam
976 1227 1257 1311 praestantissimam
1278 1228 1382 1314 figulis

291 1329 418 1394 cedebat
428 1351 487 1414 pro
503 1331 696 1396 conficiendis
709 1334 789 1395 νωίε
803 1333 979 1408 murrdr'rzt's,
995 1335 1077 1394 hodie
1087 1337 1264 1417 porcellmu's
1274 1337 1374 1412 deut,

291 1449 323 1500 et
339 1459 376 1500 ex
389 1435 437 1501 ltis
452 1438 571 1502 lucrum
586 1440 703 1524 ingens.
719 1467 735 1496 υ

330 1546 431 1629 Apres
444 1546 594 1630 plusieurs
610 1547 717 1610 details
730 1569 782 1612 sur
794 1547 841 1612 les
854 1570 959 1612 causes
973 1553 1011 1614 de
1027 1551 1057 1614 la
1072 1549 1269 1614 submersiou
1280 1551 1374 1615 totale

290 1653 328 1714 de
341 1663 418 1716 cette
433 1651 494 1732 lle,
513 1654 564 1735 qni
580 1659 735 1738 eproum,
759 1657 778 1716 d
797 1653 947 1739 plusieurs
968 1658 1094 1740 egards,
1113 1657 1143 1720 le
1162 1671 1229 1720 sort
1241 1659 1281 1720 de
1297 1657 1377 1720 l'an-

291 1758 396 1822 donne
411 1757 564 1839 Sodome,
585 1773 616 1824 et
636 1761 687 1843 qni
704 1759 750 1823 snt
768 1761 922 1846 eugloutie
940 1782 1015 1826 avec
1035 1775 1104 1824 tons
1119 1762 1165 1824 les
1180 1785 1270 1828 sums
1291 1785 1373 1825 man-

290 1865 390 1941 rln'ns,
408 1878 438 1927 et
450 1885 524 1928 ceux
545 1865 596 1947 qni
611 1865 656 1928 les
674 1864 878 1948 labrlqnaient
898 1870 1010 1950 splena
1020 1867 1145 1947 figulis,
1166 1890 1204 1928 ac
1222 1869 1375 1950 splendido

290 1989 435 2032 vasorum
448 1969 678 2034 mnrrhinornm
692 1984 832 2055 oppos-utu
845 1973 992 2034 submerso
1007 1983 1049 2034 est
1056 1996 1069 2048 ,·
1083 1971 1250 2059 Koempler
1267 1977 1369 2058 ajoute

290 2076 383 2158 qu'ou
392 2077 557 2140 enretirait
567 2098 678 2142 encore
690 2077 880 2160 quelquelois
894 2081 935 2142 du
945 2078 1019 2142 lond
1035 2082 1073 2143 de
1087 2079 1117 2141 la
1129 2101 1214 2157 mer,
1228 2100 1273 2142 ou
1283 2080 1372 2163 qu'on

217 2195 221 2208 ·
290 2182 336 2246 les
349 2182 499 2246 detaeltait
512 2186 566 2247 des
579 2183 725 2263 rochem,
740 2197 806 2246 tout
819 2184 973 2248 deformes
989 2198 1020 2248 et
1034 2185 1181 2250 incrustes
1198 2188 1237 2249 de
1252 2187 1373 2270 eoquil-

289 2290 373 2376 lages
382 2292 432 2374 qui
446 2293 588 2379 ydtaient
599 2291 752 2368 attaches,
765 2293 803 2354 de
813 2293 1013 2376 madrepores
1028 2306 1059 2354 et
1069 2305 1170 2355 autres
1180 2295 1374 2356 concretione

289 2397 478 2483 polypeuses.
492 2395 578 2460 L'art
588 2397 742 2462 consistait
754 2397 772 2458 l
782 2396 828 2459 les
838 2397 1034 2460 debarrasser
1047 2398 1252 2462 adroitennent
1262 2413 1294 2462 et
1305 2420 1372 2463 sans

289 2501 336 2565 les
348 2523 469 2578 casser,
489 2504 527 2564 de
544 2523 595 2566 ces
611 2523 702 2587 corps
716 2507 890 2585 etraugers,
908 2516 938 2565 et
952 2505 971 2564 a
985 2501 1055 2564 u’en
1078 2503 1186 2566 laisser
1205 2525 1268 2586 que
1283 2505 1370 2587 quel-

289 2631 363 2692 ques
381 2623 498 2689 tracea,
521 2609 736 2689 c’est-l-dire,
758 2623 862 2674 autaut
882 2609 956 2693 qu'il
979 2631 1017 2674 eu
1035 2610 1134 2675 fallait
1151 2632 1232 2696 pour
1248 2627 1372 2678 attester

289 2716 357 2784 teor
369 2720 514 2785 ancienne
527 2721 653 2805 origiue.

332 2853 347 2879 a
363 2823 508 2888 Petuntur
521 2848 593 2890 vasa
606 2828 663 2890 ista
674 2830 834 2892 recedente
850 2831 952 2906 nuda,
974 2850 1012 2892 ex
1028 2829 1121 2894 londo
1135 2833 1246 2902 maris,
1269 2853 1287 2892 a
1303 2851 1370 2895 sco·

290 2931 384 3015 pulis,
397 2933 505 3014 quibus
515 2947 656 2996 concreta
668 2949 752 3013 suut,
767 2949 870 3014 caute,
884 2957 922 2998 ue
938 2934 1132 3020 frangantur,
1150 2938 1366 3016 dissolvenda,
1457 2967 1458 2996 l

290 3039 457 3102 deformata
490 3042 621 3122 nudique
648 3043 838 3128 agglutinatis
862 3041 1028 3128 conchyliis
1052 3065 1119 3126 qnae
1145 3064 1164 3106 a
1194 3045 1369 3128 polionibus

290 3145 493 3226 abraduntur,
505 3149 610 3214 relicta
622 3151 761 3234 portione
772 3151 892 3233 aliqua,
908 3173 974 3234 quae
987 3151 1147 3215 veritatem
1161 3154 1282 3219 doceat.
1294 3150 1370 3216 Sunt
1457 3163 1458 3166 ’

291 3267 391 3316 autem
402 3255 569 3339 pellucido,
585 3257 775 3335 tenuissima,
790 3257 903 3320 coloris
919 3258 1013 3320 albidi
1024 3259 1127 3321 virore
1138 3258 1224 3321 diluti
1235 3261 1297 3337 (de
1308 3281 1369 3320 oon·

290 3363 352 3422 leur
364 3363 478 3422 celedon
487 3360 515 3436 l,
533 3363 632 3425 dotata
647 3377 679 3424 ut
696 3364 861 3446 plurimum
875 3363 971 3447 ligura
984 3363 1115 3448 capulae,
1132 3386 1186 3427 seu
1198 3366 1326 3444 dolioli,
1341 3379 1371 3428 et

292 3467 372 3530 collo
386 3484 510 3552 angusto
524 3491 560 3532 ac
574 3469 681 3547 brevi,
698 3472 782 3552 quasi
795 3473 858 3554 jam
872 3486 937 3537 tum
955 3472 993 3533 ad
1007 3473 1246 3535 conservandam
1268 3473 1370 3535 theam

292 3554 436 3636 fabricata
453 3573 573 3639 luerint.
595 3574 766 3640 lulernutur
784 3576 808 3638 J
809 3577 926 3661 apouiae
943 3577 1129 3660 (admodum
1141 3577 1233 3660 raro)
1248 3599 1268 3640 a
1283 3601 1369 3642 mer-

291 3680 443 3743 catoribus
467 3683 629 3764 provinciae
649 3683 802 3763 Fortun,
825 3685 876 3765 qui
900 3707 936 3746 ea
962 3682 1002 3747 ab
1016 3685 1221 3748 urinatoribus
1243 3701 1368 3771 recepta

291 3784 341 3848 hic
355 3789 534 3862 venundant.
552 3787 673 3850 Viliora
686 3787 786 3850 theilis
805 3789 925 3852 circiter
944 3789 1066 3873 viginti,
1086 3791 1250 3854 mediocris
1271 3791 1372 3855 theilis

290 3907 411 3957 centum
430 3908 460 3958 et
475 3895 625 3968 ducentis,
642 3897 777 3979 majora,
793 3917 858 3978 qim
875 3897 938 3960 sine
955 3898 1025 3961 labe
1042 3913 1131 3972 suut,
1146 3912 1215 3974 ter,
1238 3913 1369 3980 quater,

292 4015 323 4062 et
337 4001 494 4084 quinquies
512 4002 596 4064 mille
610 4002 729 4064 theiln:
746 4005 798 4066 sed
815 4003 867 4064 illa
883 4026 949 4086 qnae
969 4007 1043 4067 tanti
1063 4006 1153 4088 pretii
1172 4019 1202 4068 et
1227 4006 1372 4070 bonitatis

291 4109 440 4174 habentur
452 4157 460 4180 ,
474 4133 492 4172 a
503 4111 624 4174 nemine
636 4113 696 4176 emi
708 4114 834 4191 audent,
848 4135 939 4195 quam
951 4135 968 4176 a
980 4111 1110 4178 Caesare.
1127 4113 1158 4176 ls
1170 4114 1211 4176 ab
1225 4117 1325 4178 atavis
1344 4133 1371 4180 et

291 4217 531 4280 ameccssoribns
550 4217 721 4280 haereditate
741 4234 863 4303 accepta
881 4221 989 4284 dicitur
1007 4221 1185 4304 possidere,
1202 4221 1289 4282 nullo
1305 4225 1370 4284 auri

292 4321 390 4401 pretio
404 4323 586 4388 aestimanda.
600 4323 684 4388 Raro
699 4325 837 4388 fracturis
851 4327 900 4390 vel
920 4329 1031 4392 fissuris
1048 4342 1152 4423 vacant
1170 4350 1183 4387 ι,
1198 4349 1274 4408 quas
1297 4317 1376 4394 veto
