2976 4944
491 475 666 542 esron
690 474 763 542 111.
1121 497 1159 569 ¹7

145 601 204 669 111.
232 601 304 671 Sed
327 604 398 696 jam
426 601 631 696 procedente
652 603 804 672 oratione
834 601 1030 684 ostendum,
1059 626 1161 694 quam
1205 627 1216 667 r

100 737 164 784 non
178 718 270 801 sint,
288 743 364 811 quoe
377 716 556 801 videntur,
575 719 673 786 mola.
690 721 790 788 Nunc
800 715 885 786 ittud
899 716 976 786 dico
988 760 997 800 ,
1010 719 1073 786 istu
1084 741 1161 810 quae

100 847 135 900 tu
149 858 250 903 vocas
272 861 409 930 nepem,
432 861 507 928 quae
526 834 667 904 adversa
689 851 723 902 et
744 833 987 917 abominanda,
1013 835 1162 927 primum

98 973 158 1040 pm
170 952 258 1044 ipsis
272 975 347 1020 esse
361 957 385 1034 ¹,
402 951 527 1044 quibus
541 950 720 1036 accidunt3
742 948 866 1018 deinde
885 973 948 1043 pro
966 951 1158 1033 universis,
1188 1017 1193 1025 ,

98 1089 242 1155 quorum
266 1069 375 1160 major
396 1069 471 1136 Diis
490 1091 573 1135 cura
590 1081 664 1148 eet,
683 1089 785 1158 quam
807 1065 1018 1158 singulorum
1030 1070 1067 1151 ²3
1087 1080 1164 1158 post

96 1182 191 1266 hnc,
211 1183 405 1252 volentibus
421 1182 576 1256 cocidere
588 1174 623 1264 ³,
642 1205 682 1250 ac
699 1181 820 1275 dignos
839 1181 926 1250 malo
945 1205 1035 1264 esse,
1052 1183 1080 1250 ei
1098 1205 1160 1250 no-

97 1297 171 1365 lint.
193 1300 258 1367 His
277 1298 458 1392 udjioinm,
479 1297 547 1367 into
565 1298 629 1366 ista
645 1297 743 1379 ficri,
765 1311 799 1364 ct
816 1311 911 1364 recte
928 1294 1046 1365 eedem
1060 1290 1073 1340 ⁴
1087 1297 1164 1391 lege

96 1413 194 1482 bonis
213 1416 378 1493 evenire,
400 1429 563 1506 quaeunt
580 1412 662 1481 boni
687 1437 695 1478 ι
716 1407 953 1507 persuadeho⁵
976 1411 1161 1496 indetibi,

42 1577 56 1586 .
97 1548 139 1592 ne
156 1551 311 1619 unquam
325 1528 405 1596 boni
421 1527 487 1596 viri
500 1525 709 1610 miserearis3
729 1526 943 1618 potcstenim
956 1526 1060 1594 miser
1072 1525 1160 1609 dici,

99 1667 165 1710 uon
174 1660 288 1736 potest
300 1663 386 1714 esse.
402 1643 666 1736 Difficillimum,
679 1665 720 1709 ex
730 1643 886 1711 omnibus
899 1667 975 1735 quae
988 1645 1161 1737 proposui,

100 1758 235 1828 videtur
252 1759 345 1851 quod
362 1760 510 1852 primum
533 1757 602 1824 dixi
622 1781 630 1821 :
652 1779 715 1849 pro
737 1757 820 1850 ipsis
838 1780 911 1828 esee
935 1755 1060 1850 quibus
1084 1782 1165 1826 cve-

100 1877 198 1943 niunt
215 1878 301 1958 istu,
323 1901 400 1968 quae
416 1876 594 1944 horremus
610 1896 651 1941 ac
669 1873 855 1942 tremimus.
880 1877 978 1943 «Pro
992 1876 1074 1970 ipsis
1089 1880 1162 1960 est,
1205 1917 1219 1948 2

133 2069 178 2122 Ill.
191 2072 261 2123 Anu.
275 2070 375 2123 Ordine
388 2068 552 2122 dicendorum
564 2065 611 2117 in-
659 2065 738 2130 bunt,
752 2067 779 2118 ro
796 2065 843 2121 sse'ii
855 2067 901 2120 Dii
912 2081 1001 2121 curent
1012 2087 1018 2122 τ
1031 2089 1105 2142 porro
1122 2089 1167 2122 cn-

102 2147 187 2202 dicato
197 2188 204 2215 ,
215 2149 306 2216 docet,
316 2167 373 2220 qne
381 2166 468 2219 aspere
476 2157 499 2198 et
508 2144 610 2196 adversa
659 2159 712 2194 rere
720 2145 817 2206 etuas,
828 2142 877 2195 hoc
887 2156 937 2207 est,
948 2156 972 2195 et
985 2145 1093 2218 partium
1104 2164 1168 2198 om-

101 2226 236 2280 videnum
248 2247 294 2300 pro
306 2226 365 2298 ipsis
382 2245 433 2277 esse
443 2263 451 2290 ,
463 2222 552 2294 quibus
562 2241 610 2274 ac-
659 2219 729 2272 ninm
741 2220 831 2272 seriem
845 2220 1003 2284 universsin,
1021 2235 1045 2273 et
1056 2222 1167 2294 singulus

101 2302 196 2354 sidant.
340 2331 342 2334 ·
658 2312 738 2372 pectes
749 2319 836 2352 curere
846 2321 854 2366 ς
866 2321 946 2372 quum
958 2313 1041 2354 antem
1055 2323 1068 2354 e
1079 2303 1166 2372 variis,

137 2380 226 2432 nPro
239 2383 305 2450 ipsis
320 2399 382 2432 esse.
398 2379 610 2445 nosocomo
659 2379 737 2432 immo
764 2391 789 2433 et
811 2381 944 2432 contrariis
967 2399 1031 2454 ssepe
1056 2382 1166 2456 pertibus

101 2457 265 2532 megisqunrn
271 2457 349 2510 tristis
359 2469 462 2522 etsaeve,
471 2476 498 2508 re
507 2455 610 2526 quidem
659 2470 754 2510 constet
764 2460 791 2510 et
800 2469 867 2521 πᾶν,
884 2475 984 2512 necesse
998 2471 1035 2512 est
1044 2458 1166 2531 quasdem

102 2557 180 2602 ven,
202 2555 272 2594 esset
291 2547 315 2588 et
330 2553 501 2608 prosperarum
525 2551 610 2585 rernm
658 2555 703 2608 pru
719 2534 821 2602 multis,
834 2539 963 2608 panciores
975 2537 1166 2610 propioribus,

103 2633 211 2666 numero
238 2613 269 2664 ab
296 2612 327 2665 iis
349 2612 424 2664 etism
445 2607 610 2684 eppentiends
658 2611 811 2666 meieeilici.

101 2693 147 2761 qni
159 2691 214 2745 het
229 2690 366 2765 petiuntnrr
379 2691 404 2743 0
415 2690 553 2741 fortunatos
564 2687 611 2740 ni-
691 2690 714 2742 3.
737 2691 887 2742 Votemttus
905 2692 1025 2743 accidere.
1038 2691 1096 2742 Hoc
1114 2703 1165 2758 est,

102 2769 184 2821 mimo
194 2807 201 2834 ,
210 2767 285 2820 suasi
293 2768 361 2820 bone
371 2767 473 2831 norint,
483 2765 555 2834 Quot
562 2765 610 2818 rni-
658 2767 713 2820 haec
728 2785 785 2837 quse
803 2766 910 2820 dicimus
924 2766 1006 2826 main,
1023 2787 1037 2820 n
1056 2767 1167 2841 sapiente

100 2843 228 2899 setosi...
244 2844 347 2898 Scilicet
361 2864 409 2912 pru
420 2841 445 2894 h.
461 2843 479 2894 l.
495 2843 563 2895 idern
575 2855 611 2894 est
659 2845 766 2898 libenter
772 2846 866 2918 eccipi,
879 2858 964 2919 utpote
975 2846 1074 2900 virtutis
1084 2859 1108 2900 et
1120 2867 1167 2919 pn-

101 2926 233 2992 acgmts'n
243 2925 252 2986 (
263 2941 338 2995 grec.
349 2923 425 2989 ὗπὶρ,
436 2919 520 2992 gallie·
529 2937 608 2987 pour,
625 2961 633 2972 .
658 2923 754 2977 tientiae
771 2923 915 2978 exercende
930 2924 1089 2979 occasionem
1107 2927 1167 2977 uffe-

103 3002 255 3074 msmur)
267 3021 275 3063 ς
289 2998 421 3051 nunidem
432 2999 610 3050 sesecundum
658 3001 747 3054 centis.

102 3085 195 3152 (gne
207 3075 382 3148 ut’ucffisil.
390 3076 610 3145 pmportionnelle
691 3081 716 3145 4.
736 3077 841 3130 Eadem
866 3082 926 3149 Iege.
950 3080 1001 3133 Pro
1026 3083 1167 3133 secundnm

102 3157 188 3219 nsunt)
199 3177 206 3218 ;
220 3155 283 3206 hine
294 3153 362 3206 enim
374 3153 416 3205 ille
427 3171 513 3206 sensus
527 3151 611 3204 orire·-
659 3157 779 3208 eumdem
790 3159 878 3224 legem.
892 3158 1051 3228 Namque,si
1062 3177 1115 3211 rem
1123 3179 1167 3232 pe·

103 3247 143 3286 tnr
153 3251 161 3284 :
171 3235 239 3302 Qua
252 3249 339 3305 aspera
355 3243 430 3302 atque
447 3230 551 3282 adverte
568 3228 611 3280 di·
660 3233 727 3286 sitm
739 3234 889 3301 excusseris,
904 3255 961 3306 quae
974 3248 1010 3287 est
1025 3235 1065 3288 ier
1082 3235 1168 3288 homi-

103 3311 200 3376 cinus,
215 3310 270 3363 hee
282 3307 420 3360 secundum
432 3319 542 3359 mentem
561 3325 610 3357 no·
660 3311 699 3364 nis
717 3310 779 3364 boni
791 3312 925 3385 primorie,
943 3331 1000 3383 quae
1019 3311 1111 3364 intimo
1124 3333 1167 3386 pe*

103 3402 179 3441 stram
192 3400 269 3452 sunt,
286 3385 341 3438 htec
359 3385 437 3438 animi
457 3385 569 3438 habitum
587 3397 611 3436 et
659 3387 850 3462 ctoriinsculpta
859 3388 965 3464 opinio?
976 3391 1077 3443 Bonum
1086 3411 1167 3444 unum

103 3478 194 3518 stetncn
200 3476 357 3535 sequnntur:
368 3463 400 3514 itu
410 3476 450 3529 ut,
462 3462 483 3514 si
492 3462 555 3515 boni
564 3481 610 3513 nos
659 3465 722 3535 quid
735 3477 759 3517 et
770 3464 837 3517 idem
849 3485 907 3518 cnm
919 3466 1010 3519 virtute
1026 3486 1094 3532 esse,
1108 3469 1168 3520 Ms-

104 3563 206 3610 snmus,
216 3542 286 3594 bone
296 3541 363 3604 sint3
373 3539 395 3591 si
406 3538 466 3592 meli
477 3552 501 3592 et
512 3539 539 3592 in
552 3537 611 3592 tihi-
659 3540 713 3594 lum
731 3561 811 3595 unum
828 3543 891 3614 quid
909 3557 933 3595 et
950 3544 1018 3596 idem
1038 3565 1090 3597 esse
1108 3563 1166 3598 eum

104 3615 573 3693 dinemproni,mala.8ensnsquitlem
583 3615 609 3668 in
662 3619 752 3684 Vitio,
766 3632 790 3672 et
806 3619 860 3672 vice
875 3639 955 3674 verse.
976 3621 1118 3673 Clarissime
1130 3624 1166 3676 sie

104 3717 129 3751 se
140 3695 338 3760 necaturum,
352 3713 397 3745 nec
409 3693 555 3767 inelegans,
566 3693 610 3746 sed
660 3697 777 3748 efferrent
793 3695 877 3750 Greci
892 3714 898 3748 ε
913 3701 947 3750 'ri
958 3700 1043 3761 naut„
1055 3702 1070 3756 ἡ
1082 3700 1168 3768 besti,

103 3795 179 3846 quem
197 3773 328 3844 sequentia
346 3771 413 3824 haud
423 3783 518 3824 rectum
529 3791 610 3841 neque
659 3775 766 3826 nostr
775 3776 791 3830 ἡ
799 3775 931 3841 φαυλότης,
943 3773 983 3828 vel
993 3776 1116 3848 captando
1126 3797 1166 3829 er-

103 3853 245 3928 genuinum
257 3852 436 3904 demonstrent.
658 3851 764 3925 pressius
771 3854 896 3916 ἂνήθισιν,
907 3870 957 3922 qne
966 3853 1092 3924 premisse
1100 3891 1107 3916 ,
1114 3853 1167 3906 evi·

136 3953 161 3986 s.
177 3933 310 3985 Unioern‘s
311 3967 362 3983 ......
371 3933 537 4000 singulorum.
550 3930 611 3981 Hs·
660 3928 722 3981 dens
731 3928 757 3981 id
769 3929 819 4001 jem
836 3941 872 3982 est
883 3933 932 3982 t’rt
943 3928 1014 3982 καλόν
1027 3953 1049 3982 τι
1063 3933 1098 3982 ssi
1110 3935 1166 3996 sys-

103 4031 159 4064 runt
180 4029 271 4062 votnm
290 4009 401 4068 ἆνΉθισις
419 4019 470 4072 est,
488 4025 545 4076 quae
565 4006 611 4058 ubi
659 4009 905 4075 Ousdimimyffls'a·
919 4008 1043 4070 rimati,
1058 4010 1073 4065 ἦ
1089 4011 1165 4062 κακία.

102 4100 247 4140 oetemtm
258 4085 400 4157 exceptione
409 4083 531 4158 apperuit,
539 4083 611 4156 phrs·
693 4086 715 4135 5.
727 4084 902 4138 Persuadebo.
919 4084 981 4136 Herc
999 4103 1054 4157 pure
1070 4085 1097 4136 in
1112 4085 1166 4138 fine

103 4165 136 4216 sis
148 4177 198 4217 tota
211 4165 278 4216 class
291 4182 319 4214 sc
336 4161 446 4214 dilucida
457 4173 500 4213 est
511 4161 609 4233 Nempe
657 4160 726 4213 deest
749 4173 889 4235 temporum
917 4161 1018 4232 injuris.
1039 4161 1165 4217 Trnetsvit

101 4241 228 4294 mundum
240 4253 331 4304 totum,
345 4251 385 4303 et,
399 4251 424 4291 ut
442 4238 526 4292 Greci
539 4238 610 4290 dice-
659 4252 742 4290 temen
756 4239 809 4292 hee
824 4261 888 4314 steps·
898 4241 959 4294 olins
969 4257 976 4291 :
988 4241 1093 4313 exempli
1108 4263 1165 4296 cess·

249 4323 291 4389 11.
982 4343 1063 4386 n.
