2976 4944
498 455 676 524 enrur
700 451 770 522 rx.
1127 477 1164 544 ,ι

101 583 207 652 multa
222 579 520 679 piaetemolantee¹
535 614 544 670 3
560 586 642 654 dum
654 611 730 654 cum
746 585 800 652 his
816 585 899 666 sim,
917 600 952 652 et
965 554 1167 663 tramitibus,
1280 653 1282 658 ,

102 725 169 790 qua
182 702 315 780 homini
329 702 379 770 ias
392 718 463 784 est,
476 703 666 772 immiscent
678 730 688 788 ς
701 701 782 770 dum
795 702 944 770 animum
960 751 969 783 ,
989 699 1034 769 ed
1047 723 1172 793 cogna-

104 833 212 884 tarum
230 841 347 886 rerum
361 831 577 910 conspectum
596 817 815 900 tendentem,
833 819 870 884 in
887 817 1023 886 sublimi
1038 837 1172 908 semper

105 931 270 1017 habeam
286 950 451 1025 quantum
466 934 570 1004 refert
587 957 663 1002 mea
675 983 684 1015 ‚
697 933 782 1026 quid
793 933 918 1002 calcem
929 934 944 1000 i
956 933 1066 1025 Atqui
1077 937 1090 966 ¹
1102 953 1172 998 non
1197 956 1212 988 ι

106 1063 156 1114 est
173 1047 251 1115 haec
269 1062 360 1115 terra
376 1047 618 1141 frugiferorum
635 1065 693 1124 aut
710 1048 862 1118 laetarum
876 1049 1035 1117 arborum
1055 1047 1168 1116 ferax:

107 1187 173 1230 non
187 1165 322 1256 magnis
341 1179 376 1232 et
396 1163 838 1258 navigabilibus-fluminum
859 1165 963 1234 alveis
983 1165 1169 1256 irrigatur:

108 1278 194 1346 nihil
213 1279 346 1372 gignit,
376 1278 466 1370 quod
486 1279 560 1348 uliae
589 1297 706 1373 genten
731 1295 869 1373 petant,
889 1282 945 1349 vix
967 1277 1012 1363 ad
1034 1278 1173 1348 tutelam

109 1394 329 1462 incolentium
344 1395 464 1462 lertilis
477 1421 485 1460 :
500 1419 568 1474 non
583 1397 750 1488 pretiosus
763 1397 820 1465 hie
833 1395 920 1489 lapis
930 1396 1088 1478 ereditur,
1105 1419 1174 1462 non

110 1511 182 1576 auri
200 1512 405 1603 argentique
419 1535 514 1580 venae
533 1529 713 1582 eruuntur.
740 1515 914 1606 Angustus
932 1514 1064 1581 animus
1080 1503 1171 1593 ³est,
1272 1591 1276 1598 ἱ

112 1649 212 1717 quem
235 1643 373 1700 terrena
392 1627 563 1696 delectant
583 1655 591 1694 ε
613 1627 658 1697 ad
679 1628 737 1696 illa
764 1627 985 1696 abducendus
1008 1643 1077 1707 est,
1100 1651 1177 1719 quae

114 1740 239 1832 ubique
253 1764 350 1832 aeque
366 1757 548 1834 apparent,
568 1741 697 1833 ubique
715 1765 811 1834 aeque
830 1740 1033 1834 splendent3
1055 1755 1090 1808 et
1112 1740 1178 1808 hoe

113 1855 330 1949 cogitandum
349 1873 421 1938 est,
442 1859 506 1925 ista
523 1860 614 1927 veris
633 1857 730 1927 bonis
748 1883 811 1953 per
829 1857 911 1926 falsa
931 1874 965 1926 et
978 1881 1082 1951 prave
1101 1881 1178 1924 cre-

113 1972 182 2040 dita
209 1974 359 2068 obstare.
390 1973 469 2066 Quo
488 1973 657 2068 longiores
680 1976 830 2068 porticus
858 1957 1090 2066 expedierint,
1111 1995 1179 2062 quo
1205 1993 1223 2044 s

113 2085 214 2154 altius
232 2079 367 2154 turres⁴
385 2087 602 2170 stutulerint,
618 2111 686 2179 quo
706 2089 807 2155 latius
819 2081 924 2156 vioos⁵
941 2087 1177 2180 porrexerint,

115 2225 181 2291 qno
193 2200 391 2294 depressius
403 2199 678 2298 aestivos'specus⁶
694 2203 860 2298 foderint,
879 2228 946 2296 quo
960 2203 1080 2295 majori
1093 2201 1181 2270 mole

117 2319 250 2412 fastigia
268 2320 512 2388 coenationuml
534 2299 752 2389 subvenerint
776 2350 783 2386 :
804 2323 869 2390 hoc
887 2322 963 2415 plus
982 2321 1069 2402 erit,
1089 2317 1181 2412 quod
1259 2315 1261 2320 X

116 2435 183 2502 illis
205 2435 324 2504 celum
342 2433 536 2503 abscondat.
559 2437 598 2502 ln
612 2459 686 2504 eam
708 2453 740 2505 te
758 2439 932 2531 regionem
947 2461 1044 2506 casus
1059 2436 1182 2528 ejecit,

118 2551 154 2618 in
173 2575 243 2640 qua
267 2549 463 2618 latissimum
485 2549 734 2644 receptaculum
755 2575 832 2619 oasa
850 2567 902 2619 est
916 2578 924 2616 ε
937 2575 989 2618 nae
1011 2565 1048 2616 tu
1070 2548 1185 2643 pusilli

119 2668 297 2748 ammius,
319 2683 353 2734 et
372 2665 508 2736 sordide
527 2691 563 2736 se
581 2669 805 2752 consolantis,
828 2654 860 2764 qi
876 2659 979 2735 ideo⁸
999 2665 1035 2732 id
1055 2667 1188 2734 fortiter

157 2888 634 2956 1.L01·gotracoa.....pmtervotanue
716 2885 1188 2959 §.Vlcosporrexen'nttaliietllrasrm

123 2966 181 3019 vict
191 2984 330 3036 quesupra
338 2977 397 3018 nota
406 2967 431 3028 5,
444 2986 467 3038 p.
475 2983 506 3034 7⁰
515 2963 631 3017 diximus.
655 3007 657 3012 .
679 2971 851 3033 correxerint,
865 2967 947 3039 lapsus
958 2966 1042 3018 librar.

156 3067 179 3098 ι.
192 3047 284 3113 Atqui.
305 3047 402 3098 Eram
431 3059 454 3096 ct
474 3044 551 3118 lipsii
574 3044 629 3096 edd.
712 3042 867 3097 GAEstivos
878 3062 975 3112 specus.
986 3041 1016 3094 ld
1026 3053 1071 3103 est,
1080 3041 1190 3112 porticus

124 3122 401 3176 reduszmoviam
415 3134 440 3175 ct
450 3119 631 3194 Bipootiuaed.
680 3122 868 3186 subterraneas,
893 3120 1113 3194 Cryptoporticus,
1131 3139 1191 3189 qua·

123 3221 168 3272 per
179 3201 305 3254 incuriam
314 3211 345 3252 at
357 3199 480 3252 dantibus.
492 3200 635 3268 Atquimn
683 3219 739 3252 rum
753 3201 858 3271 vestigia
875 3199 1002 3270 hodieque
1013 3198 1086 3272 plura
1104 3197 1192 3250 llomtc

124 3289 170 3333 est·
181 3281 240 3332 lant
251 3280 410 3353 exposuimus
420 3277 446 3330 in
459 3277 635 3330 antecedenti·
684 3291 786 3330 exstant.

126 3357 389 3426 bu,quom0tohoe
409 3355 637 3423 iudiciumiutelli-
720 3375 741 3424 7.
761 3354 886 3427 Fastigia
911 3359 1092 3408 coemtionem.
1116 3355 1194 3406 'lecta

127 3453 171 3507 gas
182 3473 191 3500 ,
201 3434 323 3506 injustum
336 3447 360 3488 et
372 3436 462 3486 falsum
476 3435 605 3494 futurum,
616 3434 638 3485 si
690 3437 847 3502 (ἀκάματα)
861 3425 950 3487 ornata
960 3447 983 3486 et
995 3434 1077 3504 ampla
1089 3433 1195 3494 tedium,

127 3514 316 3568 detotaiusuls
329 3515 476 3588 exposueris.
689 3513 737 3566 ubi
758 3514 910 3566 caenebsturz
940 3512 1085 3584 Aliquando
1109 3523 1195 3562 tamen

162 3591 639 3659 3.Au5mtusant‘musest.l¹lamdem
690 3593 775 3644 minor
806 3591 912 3644 altitudo
940 3591 970 3643 iis
993 3589 1110 3642 domibus
1129 3587 1195 3648 fnit;

128 3671 182 3722 lere
205 3669 387 3741 cogitationum
411 3671 503 3724 scriem
527 3671 641 3722 invenies
690 3671 992 3740 etquidemDomitianus
1007 3681 1198 3743 postcaparro-

129 3748 190 3800 Nat.
200 3747 298 3815 Quat.
306 3747 458 3820 lilt.l,prael.
690 3748 804 3800 lasoedes
824 3745 954 3810 condidit,
967 3745 1009 3800 scd
1033 3744 1157 3817 elegantia
1175 3755 1200 3794 et

163 3825 642 3896 Humuffldiliriasltioraacmag·
690 3823 1200 3898 luxuexsplendescentes,quibusnomen

132 3902 311 3967 distentiore,
324 3905 356 3957 do
368 3904 459 3974 quibus
468 3903 603 3957 Petronius
609 3905 641 3955 dc
692 3903 764 3956 Mica
776 3903 830 3954 luit.
841 3901 965 3956 Martialis
976 3901 1020 3954 lib.
1032 3903 1075 3968 ll,
1088 3901 1134 3973 Ep.
1148 3913 1201 3951 ux.

132 3980 282 4035 bellocivili
294 3982 324 4048 87
340 3985 377 4048 (c.
392 3983 450 4049 ino)
461 4001 491 4035 εκ
501 3977 644 4033 Εᾶἰῆοω
692 3980 793 4032 Ernesti
806 3979 876 4033 Clas.
891 3979 971 4032 Cicer.

135 4079 213 4125 auro,
230 4061 352 4132 sedesque
370 4061 496 4114 adsidere
508 4060 642 4112 mittunt.»
726 4059 751 4110 8.
763 4057 797 4112 Si
812 4061 876 4110 ideo.
894 4057 947 4109 Alii
962 4069 986 4109 et
1003 4057 1099 4108 Erasm.
1108 4053 1140 4108 Sl
1152 4075 1205 4107 non

135 4141 167 4192 cf.
182 4137 374 4192 ttiuetertieh.
390 4137 423 4190 ad
435 4137 524 4194 Horat.
543 4135 588 4188 lib.
610 4135 643 4201 l,
695 4137 763 4188 ideo:
772 4155 838 4188 nexu
846 4135 989 4209 refragante
1002 4152 1072 4186 :non
1088 4133 1146 4187 ideo
1158 4132 1204 4185 tibi

141 4218 253 4285 (ld-lv,
265 4217 304 4272 ιδ.
696 4213 865 4287 cenpltccat,
876 4211 1206 4283 quiaetlioruulusincesa
