2966 4948
282 453 350 524 326
615 452 683 520 DE
706 453 1010 524 BENEFICIIS

279 577 492 678 commendat
509 581 563 650 vel
582 584 690 652 oratio
712 587 739 668 ¹,
756 583 815 652 sed
830 585 910 676 quia
926 583 1051 677 pictori
1072 583 1120 650 ita
1133 582 1242 650 vicmo
1261 585 1346 649 ²eet.

239 693 255 746 ⁸
280 688 506 790 Chrysippus³
531 720 686 790 quoquo,
713 723 819 792 penes
840 723 942 790 quem
961 697 1085 767 subtile
1104 696 1190 765 iliud
1206 719 1351 765 acumen

280 829 354 897 eet,
381 830 415 882 et
438 815 473 882 in
493 815 595 884 imam
612 832 796 909 penetrans
820 817 1014 898 veritatem,
1044 816 1105 908 qui
1132 815 1183 884 rci
1209 812 1350 906 ageodm

280 953 381 1000 causa
392 930 568 1022 loquitur,
584 947 620 1000 et
632 932 747 1000 verbis
761 956 830 1001 non
845 932 946 1014 nitra,
964 955 1066 1024 quam
1079 928 1124 998 ad
1139 929 1350 998 intellectum

279 1047 361 1115 satia
376 1059 439 1129 est,
460 1046 581 1128 utitur,
601 1062 709 1114 totum
725 1046 850 1116 librum
868 1035 966 1114 ouum
984 1045 1039 1114 his
1056 1045 1195 1138 ineptiis
1212 1043 1347 1138 replet:

280 1164 328 1230 ita
341 1179 379 1231 ut
392 1161 435 1230 de
448 1164 579 1232 ratione
596 1161 722 1246 dandi,
748 1161 963 1256 accipiendi,
981 1160 1217 1254 reddendique
1240 1161 1352 1230 bene-

280 1275 351 1350 ficii
373 1303 481 1373 panon
504 1278 686 1349 admodum
706 1277 820 1348 dicat:
849 1303 915 1347 nec
933 1279 987 1346 hia
1012 1278 1164 1364 fabulae,
1191 1276 1253 1346 sed
1280 1277 1351 1346 haeo

124 1383 130 1394 ’
239 1421 256 1476 9
280 1397 404 1466 fabulis
420 1398 551 1466 inserit.
580 1400 665 1466 Nam
688 1412 815 1490 praeter
834 1397 898 1464 iota
919 1419 995 1488 quae
1015 1397 1166 1464 Hecaton
1190 1398 1352 1464 transcri-

279 1514 351 1598 bit,
383 1529 452 1583 tree
477 1513 691 1608 Chrysippus
726 1515 862 1585 Gratias
886 1515 934 1583 ait
960 1514 1053 1584 Jovia
1081 1530 1116 1581 et
1142 1517 1354 1606 Eurynomes
1454 1611 1455 1614 Ἴ

280 1625 394 1700 iiliaa⁴
414 1655 488 1700 esee
504 1657 512 1696 :
533 1645 631 1698 [etate
645 1647 758 1698 autem
773 1633 920 1699 minores
934 1655 1038 1722 quam
1051 1633 1160 1699 Horas
1169 1681 1180 1714 ,
1203 1630 1264 1700 sed
1284 1655 1356 1698 me·

280 1747 423 1816 iiuocuia
437 1747 544 1829 facie,
562 1762 596 1814 et
610 1745 688 1815 ideo
702 1747 829 1816 Veneri
847 1745 944 1817 dotas
956 1749 1107 1816 comites.
1128 1750 1250 1828 Matris
1266 1771 1354 1841 quo-

280 1885 348 1953 que
364 1884 490 1930 nomen
503 1860 548 1929 ad
566 1885 639 1930 rem
651 1860 785 1954 judicat
806 1864 994 1956 pertinere.
1024 1867 1242 1956 Eurynomen
1263 1865 1353 1932 enim
1458 1903 1459 1906 π

282 2089 497 2146 min.lih.l.0d.
508 2089 794 2144 xxxtsEerviduste-
841 2102 927 2143 center
946 2089 1078 2156 addendi,
1104 2111 1126 2144 e.
1145 2110 1168 2144 e.
1185 2089 1351 2156 victoriolas,

281 2189 341 2222 cum
362 2187 425 2242 puer
452 2181 477 2224 et
500 2167 587 2220 solutis
606 2167 701 2221 Gratia
723 2167 794 2220 zonis
840 2167 947 2239 genios,
962 2169 1070 2240 gratias.
1084 2168 1191 2222 nuncin
1200 2168 1353 2243 vuigosno·
1462 2148 1463 2172 ¹

282 2259 464 2320 properentque
476 2245 601 2320 Nympha
612 2245 644 2298 Et
653 2265 742 2319 parurn
753 2265 795 2298 co·
842 2259 904 2300 tum.
923 2247 1025 2300 Gratias
1044 2267 1103 2300 cum
1116 2247 1247 2301 Mercurio
1263 2268 1352 2301 conso-

282 2325 331 2377 mis
342 2324 398 2376 sine
409 2336 432 2375 te
444 2325 567 2376 Juventes
576 2323 794 2394 Mercuriusque.»
842 2324 918 2377 ciesse
928 2338 1040 2392 veteres,
1054 2338 1083 2378 nt
1094 2325 1149 2395 ejus
1159 2327 1271 2380 orationi
1281 2327 1353 2381 bian-

318 2421 341 2454 ι.
358 2401 441 2454 Ratt'o
460 2403 624 2456 commodat
641 2405 685 2454 oei
700 2403 793 2454 omtt'o.
842 2403 956 2456 diruente
973 2416 1108 2478 pararent,
1131 2404 1233 2458 monuit
1253 2425 1355 2475 qnoque

282 2481 324 2534 Sic
335 2495 451 2556 praetant
457 2501 545 2536 omues
551 2480 625 2534 codd.
634 2500 691 2534 mss·
703 2493 727 2534 et
735 2479 792 2534 edd.
844 2481 971 2536 Plutarch.
988 2483 1021 2536 de
1031 2484 1170 2537 Auditione
1185 2505 1209 2558 p.
1229 2483 1284 2548 146.
1295 2504 1317 2537 c.
1330 2484 1352 2536 8.

282 2573 340 2614 eote
353 2559 483 2616 Muretum
495 2599 502 2628 ,
515 2557 559 2630 qui
572 2559 737 2628 διετημφῐαν
749 2556 793 2612 hio
842 2558 872 2614 'l'-
885 2560 936 2612 vlt
950 2561 1016 2634 Opp.
1026 2559 1067 2615 ed.
1077 2561 1187 2614 Hutten.

282 2637 427 2711 suspicans,
448 2659 497 2712 pro
513 2636 597 2691 lubitu
616 2655 662 2689 sno
677 2635 791 2700 scilicet,
877 2636 901 2690 3.
916 2637 1085 2708 Chqrss'ppus.
1096 2639 1160 2708 Qua
1169 2650 1255 2692 noster
1265 2639 1310 2692 bic
1320 2639 1356 2692 sit

282 2715 358 2768 scribi
380 2715 452 2790 jussit
475 2734 484 2770 ι
503 2715 672 2769 mmmmdot
691 2717 794 2778 oratio,
843 2712 875 2766 de
889 2715 1033 2786 Chrysippo
1045 2715 1101 2787 (qni
1113 2729 1275 2768 mormusest
1290 2716 1356 2769 circa

282 2795 379 2852 voculis
390 2798 435 2850 ve!
448 2798 517 2848 ratio
533 2794 671 2868 expunctis.
689 2793 795 2848 Pincia-
843 2811 903 2844 anu.
925 2812 973 2846 noo
992 2805 1050 2845 ante
1071 2791 1184 2858 Christ)
1207 2792 1355 2846 confirmata

283 2893 331 2926 nus
343 2875 610 2928 emendaveratzmtio
620 2873 793 2939 commendat,
844 2869 954 2942 reperies
966 2889 982 2922 a
993 2870 1172 2944 scriptoribus,
1183 2892 1247 2942 quos
1256 2869 1357 2924 Fabric.

283 2949 381 3022 rejectis
392 2949 507 3012 voculis,
522 2952 566 3002 oe!
583 2951 675 3002 oratio.
687 2970 712 3001 v.
727 2949 792 3002 Mu·
840 2945 910 2999 mitt.
919 2967 993 3021 grae.
1002 2948 1053 3003 vol.
1065 2949 1141 3023 nup.
1151 2949 1199 3014 546
1209 2948 1307 3002 Hales.
1316 2949 1356 3000 ed.

283 3027 330 3080 reti
338 3027 482 3084 Ver-lectt.
492 3027 549 3086 XV,
562 3025 592 3080 15
601 3025 713 3094 (iquni
723 3025 791 3081 Gru·
844 3022 964 3077 laudavit.
971 3024 1010 3077 Gi.
1018 3026 1135 3079 eumdem
1144 3025 1229 3096 ibique
1237 3028 1317 3100 13563
1324 3026 1355 3080 de

283 3105 330 3159 teri
342 3106 469 3179 lampade
481 3103 656 3165 rrit.Vol.11.
669 3105 793 3178 P⁴¹¹i9i
844 3099 979 3156 Hecatom
998 3102 1121 3168 Rhodio,
1144 3103 1252 3158 Pantetii
1274 3103 1357 3156 disci-

284 3181 406 3238 Gruterus
416 3201 475 3236 com
487 3181 571 3254 Liptio
581 3194 605 3239 et
613 3182 694 3236 Gron.
705 3183 792 3236 Mure-
841 3171 911 3244 9²1⁰·

283 3271 337 3311 tum
352 3257 451 3330 sequuti
465 3273 531 3312 sunt.
552 3260 679 3332 Equidem
694 3261 792 3314 nuliam
877 3255 901 3320 4·
908 3255 985 3310 lovis
992 3267 1018 3310 et
1027 3255 1193 3328 Eurynomes
1192 3259 1284 3329 filies.
1292 3260 1358 3313 Erec

281 3355 383 3388 tatum
396 3337 495 3410 reperi,
516 3359 560 3392 cur
571 3339 645 3392 codd.
658 3339 794 3412 relinque·-
844 3355 873 3390 ex
887 3337 1010 3392 Hesiodo.
1025 3337 1144 3409 Plerique
1156 3351 1242 3392 tamen
1254 3341 1355 3392 Venere

283 3435 338 3470 rem
349 3436 447 3486 ,quom
459 3430 484 3470 et
493 3419 558 3472 ratio
566 3432 591 3474 ee
601 3420 681 3474 οηιῑο
691 3421 795 3474 Mam-
844 3428 869 3467 et
879 3415 980 3472 Baccho
991 3429 1061 3470 natas
1075 3416 1189 3470 Charites
1200 3417 1308 3482 volunt,
1323 3437 1356 3470 ne

283 3493 323 3547 rio
333 3494 441 3570 proprisi
450 3497 509 3550 sint.
523 3497 564 3552 Cf.
578 3499 667 3554 Horat
681 3499 795 3556 Curmio.
844 3493 876 3552 de
893 3495 924 3548 iit
941 3494 1031 3566 loquer
1044 3495 1088 3566 qui
1103 3497 1177 3549 Jovie
1191 3509 1215 3550 et
1225 3497 1355 3562 lunonis,

283 3573 310 3640 1,
330 3594 367 3628 ιο.
844 3572 912 3628 Solis
923 3585 947 3628 et
958 3573 1050 3646 AEgies
1063 3576 1162 3641 (deuio,
1174 3574 1295 3648 spieodor
1305 3577 1315 3640 )
1326 3573 1356 3626 ii-

318 3673 341 3706 a.
350 3650 407 3706 Sed
412 3655 476 3722 quia
482 3656 608 3722 pictori...
615 3665 661 3708 est.
671 3656 704 3708 At
711 3655 732 3708 is
739 3675 796 3712 nou
843 3649 890 3708 11⁸⁸
903 3649 1002 3706 diffini·
1011 3651 1078 3702 Tun
1089 3651 1242 3704 Euflofliffl
1252 3652 1356 3724 quiden

283 3730 433 3802 eptaceptis
441 3731 509 3784 Stoa
518 3731 617 3785 Gratias
625 3743 653 3785 ut
660 3731 796 3788 beneficio·
844 3749 889 3804 pro
900 3731 1049 3802 Eurynome
1063 3727 1205 3782 nominant.
1226 3729 1353 3784 Ceterum

281 3823 339 3858 rnrn
362 3805 421 3860 dees
444 3808 648 3882 allegorizando,
668 3810 711 3864 sed
735 3811 795 3864 artis
843 3805 992 3879 Eurynome
1009 3805 1054 3858 ilia
1068 3825 1120 3858 nna
1136 3827 1165 3859 es
1183 3807 1283 3859 Oceani
1295 3804 1359 3858 filiis

283 3903 335 3938 sua
343 3923 351 3945 .
360 3905 417 3957 qun
425 3885 495 3958 jussit
506 3923 513 3950 ,
524 3898 552 3940 ut
565 3885 614 3940 deo
623 3885 697 3942 deam
707 3889 795 3964 junge·
843 3901 910 3954 erat,
924 3901 949 3940 et
960 3900 1028 3940 tantu
1042 3887 1111 3955 apud
1126 3887 1232 3940 Grecos
1244 3908 1355 3942 venera-

285 3975 322 4015 ret
343 3982 401 4015 eum
420 3965 661 4030 commendantem,
685 3966 794 4041 pinxisse
843 3967 913 4020 tione
921 3966 1105 4040 poliebet‚utin
1117 3967 1185 4019 iiiios
1195 3966 1293 4020 honore
1302 3967 1359 4022 dies

283 4037 366 4092 rideri
379 4041 460 4094 debet
473 4042 593 4116 Spectant
602 4056 686 4096 autem
696 4043 751 4098 hec
761 4043 794 4096 ad
842 4045 898 4099 i'esti
907 4043 1145 4117 Eurymmr'oedicti
1154 4044 1357 4110 instituerentur,

284 4135 382 4170 rnorem
398 4117 524 4172 artificum
542 4120 720 4193 antiquorum,
735 4120 794 4176 deas
844 4133 868 4175 et
878 4123 1001 4197 tempium
1015 4136 1126 4178 ereetum
1138 4123 1214 4178 tuerit
1224 4123 1256 4178 in
1268 4127 1358 4178 Are·-

276 4191 432 4266 aileqotiees
443 4195 492 4252 diis
505 4195 672 4272 heroibusque
688 4198 794 4272 signifi-
844 4201 887 4253 dia
901 4221 977 4274 prope
989 4200 1151 4274 Phigaieuu.
