2976 4944
309 417 352 511 74
490 417 834 502 CONSOLATIO
857 421 924 490 AD
949 421 1193 498 univisti.
1274 445 1279 450 ·

307 570 385 614 nem
398 549 508 616 locum
527 551 671 643 sapienti
693 551 766 620 viro
782 553 926 644 patriam
944 575 1030 622 esse.
1056 553 1153 646 Quid
1169 577 1272 647 porro
1287 549 1373 620 ibic

258 657 265 670 ¹
307 665 367 754 qui
384 678 418 732 te
435 664 586 757 expulit,
603 689 672 734 non
690 667 841 760 ipseper
861 691 967 738 annos
985 667 1103 738 decem
1122 671 1300 740 eontinuos
1316 691 1374 760 pa·

301 779 373 871 ¹tria
386 781 516 848 oaruit¹
532 781 772 876 ipropagendi
794 784 869 852 sine
888 783 993 855 dubio
1011 786 1145 878 imperii
1163 809 1265 852 eausa
1282 810 1291 848 :
1311 780 1372 850 sed

307 921 430 991 nempe
444 898 573 982 caruit3
588 921 681 968 nunc
694 922 773 968 ecoe
787 899 894 968 trabit
905 899 1001 968 illum
1012 897 1057 968 ud
1070 923 1107 970 se
1116 900 1246 970 Airioa²
1257 886 1373 968 resur-

308 1017 419 1109 gentis
431 1015 514 1084 belli
526 1017 627 1084 minis
639 1016 741 1109 plena
754 1067 763 1099 ,
778 1017 884 1087 trahit
896 1018 1060 1110 Hispania
1070 1012 1097 1100 ³,
1114 1041 1190 1112 quae
1203 1019 1325 1086 finctus
1338 1031 1373 1084 et

307 1131 449 1200 afflictas
473 1149 586 1224 partes
604 1132 758 1214 refovet,
785 1133 891 1202 trahit
908 1129 1098 1226 AEgyptus⁴
1128 1133 1256 1214 infida,
1281 1151 1372 1202 totus

307 1248 456 1340 denique
473 1247 587 1330 orbis,
610 1249 670 1339 qui
692 1247 736 1316 ad
753 1249 962 1342 oeoasionem
984 1251 1137 1318 oonoussi
1161 1252 1296 1344 imperii
1314 1251 1371 1316 in-

307 1378 419 1430 tentus
438 1376 500 1430 est.
524 1363 588 1430 Cui
602 1362 749 1455 primum
764 1363 814 1430 rei
829 1378 987 1434 occurret
1000 1365 1015 1430 i
1032 1365 1088 1434 oui
1100 1367 1190 1458 porti
1209 1387 1246 1432 se
1257 1387 1370 1456 oppo-

262 1487 278 1540 8
306 1480 388 1548 net?
409 1478 498 1571 Aget
525 1477 620 1546 illum
639 1503 701 1570 per
721 1502 837 1548 omnes
864 1493 972 1549 terras
989 1481 1132 1549 victoria
1149 1473 1245 1548 sua⁵.
1269 1479 1371 1550 Illum

305 1594 491 1687 suspiciant
509 1609 544 1660 et
560 1592 672 1663 colant
690 1607 809 1685 gentes
827 1620 834 1658 ι
854 1609 889 1662 tu
906 1597 982 1664 vive
994 1597 1098 1664 Bruto
1115 1597 1275 1664 miratore
1289 1619 1372 1664 oon·

305 1725 431 1778 tentus.
459 1712 552 1778 Bene
570 1731 653 1802 ergo
678 1708 833 1776 exsilium
859 1709 936 1776 tulit
961 1709 1162 1796 Marcellus,
1182 1733 1247 1779 nec
1265 1710 1369 1802 quid-

305 1849 408 1918 quam
425 1825 461 1893 in
478 1825 591 1895 animo
610 1825 684 1920 ejus
702 1826 843 1894 mutavit
857 1825 922 1894 loci
942 1827 1102 1908 mutatio,
1123 1829 1277 1920 quamvis
1296 1851 1370 1894 eam

305 1956 487 2035 paupertas
503 1955 729 2030 sequeretur,
751 1965 786 2006 m
810 1964 877 2032 qua
898 1941 985 2010 nihil
1001 1942 1079 2010 mali
1100 1967 1194 2025 esse,
1215 1943 1372 2035 quisquis

307 2056 405 2128 modo
423 2054 575 2146 nondum
597 2056 753 2148 pervenit
776 2056 813 2122 in
830 2056 996 2124 insaniam
1013 2057 1126 2126 omnia
1142 2057 1372 2127 subvertentis

305 2175 454 2245 avaritiae
467 2187 569 2264 atque
583 2171 724 2240 luxuriae
740 2222 750 2254 ,
770 2171 942 2265 intelligit.
961 2171 1172 2264 Quantulum
1189 2190 1238 2242 est
1250 2176 1366 2256 enim,

305 2289 398 2384 quod
416 2292 453 2358 in
472 2290 612 2358 tutelam
632 2288 760 2358 homini
778 2289 1006 2358 necessarium
1022 2291 1091 2359 sit?
1115 2307 1149 2360 et
1171 2293 1226 2360 oui
1252 2290 1370 2360 deesse

243 2403 244 2410 '
264 2441 280 2492 9
304 2410 370 2478 hoe
385 2423 519 2502 potest,
538 2407 641 2476 ullam
665 2405 763 2474 modo
779 2407 940 2475 virurtem
957 2407 1097 2476 babenti
1109 2410 1124 2476 i
1136 2407 1240 2500 Quod
1254 2407 1371 2476 adme

304 2525 444 2618 quidem
458 2525 629 2616 pertinet,
646 2521 801 2615 intelligo
818 2546 873 2590 me
890 2545 960 2590 non
979 2546 1082 2616 opes,
1100 2523 1160 2592 sed
1174 2526 1370 2618 occupatio-

304 2664 365 2710 nes
392 2637 582 2732 perdidisse
607 2664 615 2704 ι
642 2639 794 2730 corporis
812 2637 933 2730 exigua
958 2635 1130 2706 desideria
1147 2654 1242 2724 sunt,
1262 2641 1372 2734 frigus

294 2746 526 2840 submovet&
541 2753 638 2834 vult,
654 2753 823 2821 alimentis
840 2751 961 2820 famem
974 2777 1014 2821 ao
1027 2753 1118 2822 sitim
1131 2758 1368 2848 exstinguere:

340 2961 623 3036 1.Hthut....rarutt?
637 2961 709 3014 Dum
718 2959 814 3014 seilicet
862 2959 997 3012 miserabili
1030 2961 1136 3016 salutem
1160 2963 1247 3016 Sextus
1275 2965 1372 3018 debuit.

305 3066 349 3120 per
359 3045 456 3096 Gallias
466 3042 605 3096 dimicaret.
897 3037 1371 3109 4TmbitAEgyptm.Aleraudrinum

338 3141 362 3172 2.
378 3121 555 3174 Tmtisiltum
567 3120 641 3170 adse
653 3117 756 3188 Africo,
768 3129 813 3168 stc.
862 3115 958 3168 bellurn
977 3117 1092 3190 designat
1108 3118 1175 3190 quod
1194 3120 1283 3172 eodem
1303 3140 1373 3172 anno

305 3200 407 3252 Bellum
416 3198 484 3252 enirn
492 3198 521 3250 in
530 3195 616 3248 Africa
623 3193 753 3259 sustinuit,
762 3191 814 3246 rix·

306 3281 367 3331 dum
378 3279 466 3350 elapsis
478 3298 492 3330 a
506 3275 741 3348 Pharsalicspugna
749 3273 813 3324 duo-

305 3359 352 3410 bus
363 3357 436 3409 annis
447 3357 457 3420 (
464 3375 532 3408 anno
546 3367 604 3406 ante
616 3352 674 3404 Chr.
684 3353 742 3403 Nat.
750 3352 812 3418 lii),

306 3457 385 3508 quum
404 3435 552 3511 Pompeiani
565 3433 685 3487 exercitus
695 3431 814 3502 reliquias

305 3514 379 3566 Juboe
388 3514 454 3589 regis
463 3513 556 3566 auxilio
565 3511 719 3580 QMetellus
729 3509 814 3582 Scipio

307 3589 454 3663 collegisset.
469 3589 548 3660 Cujus
566 3587 628 3640 belli
640 3586 717 3639 linem
731 3583 816 3638 Caesar

307 3669 427 3741 imposuit
443 3669 540 3721 devicto
553 3663 658 3718 Metello
668 3663 735 3736 apud
747 3662 818 3714 Tha-

337 3768 388 3799 urn.

308 3767 365 3877 μδ.
374 3823 467 3874 Tradit
476 3820 622 3891 Hispania.
631 3824 709 3872 Arma
720 3839 816 3872 rursum

310 3901 471 3955 excitantibus
491 3899 539 3952 Cn.
555 3910 580 3950 et
595 3897 660 3950 Sext.
675 3897 816 3968 Pompeiis,

309 3979 399 4050 Magni
411 3979 470 4030 liliis
480 3977 525 4048 qui
535 3987 664 4050 postquam
678 3972 818 4026 Caesarisle·

311 4071 381 4132 gatos
386 4057 425 4110 bis
432 4057 553 4124 vicerant,
562 4055 664 4107 tandem
671 4052 735 4127 apud
744 4053 819 4106 Mnu-

312 4135 371 4186 dam
383 4136 442 4187 victi
458 4149 483 4185 et
501 4132 628 4207 profligati
640 4143 712 4197 sunt,
726 4151 749 4183 s.
761 4143 818 4182 ente

315 4211 375 4264 chr.
386 4215 425 4280 45.
434 4211 496 4264 licie
508 4211 579 4283 periit
594 4209 701 4274 Gneius,
718 4221 741 4261 et
751 4211 820 4280 luge

862 3195 969 3248 coniecit
985 3215 1036 3267 quo
1050 3195 1185 3251 Pharsalia
1198 3217 1284 3271 pugna
1297 3199 1373 3253 Pom·

862 3273 958 3346 peiente
966 3293 1025 3347 opes
1036 3274 1176 3328 concidere.
1186 3277 1255 3349 Ergo
1263 3276 1327 3328 ordo
1337 3297 1374 3329 re-

863 3369 920 3401 rum
930 3350 1124 3424 chronologicus
1141 3351 1253 3404 inversus
1265 3365 1309 3404 est.
1321 3355 1375 3405 Ln-

863 3445 958 3495 canus,
971 3429 1082 3481 Pharsal-
1100 3429 1181 3482 libi:
1194 3455 1206 3477 a
1220 3430 1317 3484 Ultima
1328 3432 1375 3484 [υ-

864 3518 933 3557 uests
945 3521 1095 3558 concurrant
1106 3508 1191 3582 praelia
1202 3507 1309 3561 Munda.
1326 3529 1341 3554 ¹·

897 3584 1215 3653 5.Ages,...otct0r1·asua.
1230 3587 1280 3639 Per
1285 3605 1376 3639 ornnes

866 3663 1374 3736 temsarmatusvagubituretvietorism,
1426 3715 1430 3724 ,

866 3753 890 3792 et
901 3758 977 3810 quam
993 3739 1040 3792 sibi
1058 3753 1201 3814 potestatem
1213 3742 1375 3818 bacvictoris

866 3816 1045 3881 circumdedit,
1058 3831 1188 3872 tntatrrrus.

899 3895 923 3946 e.
944 3895 1104 3949 submoue.
1124 3895 1149 3947 J.
1170 3897 1205 3949 bl.
1226 3895 1379 3966 Heusinger

867 3972 1010 4026 Emendate
1030 3995 1054 4048 p.
1077 3973 1133 4026 238.
1154 3971 1307 4026 Subnrooen'
1321 3975 1379 4025 eutr

868 4049 965 4101 ecodd.
988 4049 1119 4102 nonnullis
1141 4051 1247 4122 praefert
1267 4051 1300 4100 Ar
1322 4067 1376 4100 nou

868 4147 929 4200 opus
946 4139 990 4179 est.
1012 4126 1110 4196 Corpus
1120 4127 1217 4198 vultsr.
1228 4127 1378 4178 submovere

868 4208 909 4258 ol.
907 4207 980 4276 som.
989 4218 1014 4260 et
1020 4209 1063 4258 sit.
1071 4209 1241 4274 exstinguere.
1250 4203 1278 4255 Si
1285 4203 1378 4280 probes
