<?xml version="1.0" encoding="UTF-8"?>
<!DOCTYPE html PUBLIC "-//W3C//DTD XHTML 1.0 Transitional//EN"
    "http://www.w3.org/TR/xhtml1/DTD/xhtml1-transitional.dtd">
<html xmlns="http://www.w3.org/1999/xhtml" xml:lang="en" lang="en">
 <head>
  <title>
</title>
<meta http-equiv="Content-Type" content="text/html;charset=utf-8" />
  <meta name='ocr-system' content='tesseract 3.04.00' />
  <meta name='ocr-capabilities' content='ocr_page ocr_carea ocr_par ocr_line ocrx_word'/>
</head>
<body>
  <div class='ocr_page' id='page_1' title='image "./lannsenecparspr02bouigoog_0268.png"; bbox 0 0 2966 4948; ppageno 0'>
   <div class='ocr_carea' id='block_1_1' title="bbox 489 375 1175 480">
    <p class='ocr_par' dir='ltr' id='par_1_1' title="bbox 489 375 1175 480">
     <span class='ocr_line' id='line_1_1' title="bbox 489 375 1175 480; baseline 0.006 -34"><span class='ocrx_word' id='word_1_1' title='bbox 489 375 790 449; x_wconf 76' lang='lat' dir='ltr'><strong>PRAEFATIO.</strong></span> <span class='ocrx_word' id='word_1_2' title='bbox 1110 385 1175 480; x_wconf 81' lang='lat'><strong>²57</strong></span> 
     </span>
    </p>
   </div>
   <div class='ocr_carea' id='block_1_2' title="bbox 98 500 1279 3778">
    <p class='ocr_par' dir='ltr' id='par_1_2' title="bbox 98 500 1279 3250">
     <span class='ocr_line' id='line_1_2' title="bbox 98 500 1177 589; baseline 0.006 -22"><span class='ocrx_word' id='word_1_3' title='bbox 98 527 196 588; x_wconf 84' lang='lat' dir='ltr'><strong>quam</strong></span> <span class='ocrx_word' id='word_1_4' title='bbox 209 508 378 569; x_wconf 85' lang='lat' dir='ltr'><strong>docendum</strong></span> <span class='ocrx_word' id='word_1_5' title='bbox 390 505 629 589; x_wconf 72' lang='lat' dir='ltr'><strong>pronuntiasset,</strong></span> <span class='ocrx_word' id='word_1_6' title='bbox 644 500 765 569; x_wconf 91' lang='lat' dir='ltr'><strong>Ludum</strong></span> <span class='ocrx_word' id='word_1_7' title='bbox 780 507 860 571; x_wconf 91' lang='lat' dir='ltr'><strong>hunc</strong></span> <span class='ocrx_word' id='word_1_8' title='bbox 874 529 891 570; x_wconf 92' lang='lat' dir='ltr'><strong>a</strong></span> <span class='ocrx_word' id='word_1_9' title='bbox 907 505 1022 572; x_wconf 81' lang='lat' dir='ltr'>Seneca</span> <span class='ocrx_word' id='word_1_10' title='bbox 1038 531 1100 572; x_wconf 89' lang='lat' dir='ltr'><strong>non</strong></span> <span class='ocrx_word' id='word_1_11' title='bbox 1110 533 1177 574; x_wconf 85' lang='lat' dir='ltr'><strong>esse</strong></span> 
     </span>
     <span class='ocr_line' id='line_1_3' title="bbox 100 611 1178 696; baseline 0.005 -21"><span class='ocrx_word' id='word_1_12' title='bbox 100 613 322 696; x_wconf 84' lang='lat' dir='ltr'><strong>compositum,</strong></span> <span class='ocrx_word' id='word_1_13' title='bbox 335 613 367 673; x_wconf 87' lang='lat' dir='ltr'><strong>in</strong></span> <span class='ocrx_word' id='word_1_14' title='bbox 381 633 470 676; x_wconf 90' lang='lat' dir='ltr'><strong>causa</strong></span> <span class='ocrx_word' id='word_1_15' title='bbox 482 611 605 675; x_wconf 76' lang='lat' dir='ltr'><strong>Senecae</strong></span> <span class='ocrx_word' id='word_1_16' title='bbox 622 615 754 689; x_wconf 88' lang='lat' dir='ltr'><strong>oranda,</strong></span> <span class='ocrx_word' id='word_1_17' title='bbox 773 628 861 696; x_wconf 88' lang='lat' dir='ltr'><strong>atquc</strong></span> <span class='ocrx_word' id='word_1_18' title='bbox 873 617 904 677; x_wconf 77' lang='lat' dir='ltr'><strong>in·</strong></span> <span class='ocrx_word' id='word_1_19' title='bbox 921 615 1048 678; x_wconf 88' lang='lat' dir='ltr'><strong>crimine</strong></span> <span class='ocrx_word' id='word_1_20' title='bbox 1070 618 1178 680; x_wconf 53' lang='lat' dir='ltr'><strong>adala*</strong></span> 
     </span>
     <span class='ocr_line' id='line_1_4' title="bbox 101 717 1178 803; baseline 0.006 -23"><span class='ocrx_word' id='word_1_21' title='bbox 101 721 197 782; x_wconf 88' lang='lat' dir='ltr'><strong>tionis</strong></span> <span class='ocrx_word' id='word_1_22' title='bbox 211 733 241 781; x_wconf 88' lang='lat' dir='ltr'><strong>et</strong></span> <span class='ocrx_word' id='word_1_23' title='bbox 256 720 364 803; x_wconf 76' lang='lat' dir='ltr'><strong>ingrati</strong></span> <span class='ocrx_word' id='word_1_24' title='bbox 376 720 468 781; x_wconf 87' lang='lat' dir='ltr'><strong>animi</strong></span> <span class='ocrx_word' id='word_1_25' title='bbox 480 719 631 781; x_wconf 80' lang='lat' dir='ltr'><strong>diluendo.</strong></span> <span class='ocrx_word' id='word_1_26' title='bbox 645 717 715 800; x_wconf 80' lang='lat' dir='ltr'><strong>Qua</strong></span> <span class='ocrx_word' id='word_1_27' title='bbox 727 741 761 780; x_wconf 90' lang='lat' dir='ltr'><strong>re</strong></span> <span class='ocrx_word' id='word_1_28' title='bbox 775 739 836 783; x_wconf 92' lang='lat' dir='ltr'><strong>non</strong></span> <span class='ocrx_word' id='word_1_29' title='bbox 850 723 949 784; x_wconf 86' lang='lat' dir='ltr'><strong>solnm</strong></span> <span class='ocrx_word' id='word_1_30' title='bbox 965 722 1045 786; x_wconf 90' lang='lat' dir='ltr'><strong>huuc</strong></span> <span class='ocrx_word' id='word_1_31' title='bbox 1058 721 1178 787; x_wconf 89' lang='lat' dir='ltr'><strong>Ludum</strong></span> 
     </span>
     <span class='ocr_line' id='line_1_5' title="bbox 101 823 1179 912; baseline 0.005 -24"><span class='ocrx_word' id='word_1_32' title='bbox 101 840 135 887; x_wconf 86' lang='lat' dir='ltr'><strong>et</strong></span> <span class='ocrx_word' id='word_1_33' title='bbox 148 823 402 888; x_wconf 89' lang='lat' dir='ltr'><strong>Consolationem</strong></span> <span class='ocrx_word' id='word_1_34' title='bbox 416 827 455 886; x_wconf 85' lang='lat' dir='ltr'><strong>ad</strong></span> <span class='ocrx_word' id='word_1_35' title='bbox 470 823 631 912; x_wconf 86' lang='lat' dir='ltr'><strong>Polybium</strong></span> <span class='ocrx_word' id='word_1_36' title='bbox 653 839 767 911; x_wconf 73' lang='lat' dir='ltr'><strong>satyras</strong></span> <span class='ocrx_word' id='word_1_37' title='bbox 784 849 849 890; x_wconf 92' lang='lat' dir='ltr'><strong>esse</strong></span> <span class='ocrx_word' id='word_1_38' title='bbox 868 829 990 912; x_wconf 88' lang='lat' dir='ltr'><strong>posuit,</strong></span> <span class='ocrx_word' id='word_1_39' title='bbox 1007 833 1058 892; x_wconf 87' lang='lat' dir='ltr'><strong>scd</strong></span> <span class='ocrx_word' id='word_1_40' title='bbox 1076 832 1179 893; x_wconf 90' lang='lat' dir='ltr'><strong>consi-</strong></span> 
     </span>
     <span class='ocr_line' id='line_1_6' title="bbox 103 925 1179 1014; baseline 0.006 -21"><span class='ocrx_word' id='word_1_41' title='bbox 103 933 180 994; x_wconf 90' lang='lat' dir='ltr'><strong>lium</strong></span> <span class='ocrx_word' id='word_1_42' title='bbox 198 933 290 994; x_wconf 88' lang='lat' dir='ltr'><strong>etiam</strong></span> <span class='ocrx_word' id='word_1_43' title='bbox 304 930 427 994; x_wconf 70' lang='lat' dir='ltr'><strong>Seneca</strong></span> <span class='ocrx_word' id='word_1_44' title='bbox 439 931 470 992; x_wconf 89' lang='lat' dir='ltr'><strong>in</strong></span> <span class='ocrx_word' id='word_1_45' title='bbox 480 925 567 994; x_wconf 85' lang='lat' dir='ltr'><strong>Ludo</strong></span> <span class='ocrx_word' id='word_1_46' title='bbox 580 935 790 1014; x_wconf 88' lang='lat' dir='ltr'><strong>componendo</strong></span> <span class='ocrx_word' id='word_1_47' title='bbox 806 934 897 996; x_wconf 83' lang='lat' dir='ltr'><strong>luisse</strong></span> <span class='ocrx_word' id='word_1_48' title='bbox 909 937 1025 1014; x_wconf 76' lang='lat' dir='ltr'><strong>statuit,</strong></span> <span class='ocrx_word' id='word_1_49' title='bbox 1039 951 1072 998; x_wconf 91' lang='lat' dir='ltr'><strong>ut</strong></span> <span class='ocrx_word' id='word_1_50' title='bbox 1082 935 1179 1000; x_wconf 85' lang='lat' dir='ltr'><strong>Clau-</strong></span> 
     </span>
     <span class='ocr_line' id='line_1_7' title="bbox 101 1037 1179 1123; baseline 0.006 -23"><span class='ocrx_word' id='word_1_51' title='bbox 101 1039 190 1100; x_wconf 91' lang='lat' dir='ltr'><strong>dium</strong></span> <span class='ocrx_word' id='word_1_52' title='bbox 210 1039 284 1100; x_wconf 89' lang='lat' dir='ltr'><strong>risui</strong></span> <span class='ocrx_word' id='word_1_53' title='bbox 302 1039 425 1123; x_wconf 87' lang='lat' dir='ltr'><strong>publico</strong></span> <span class='ocrx_word' id='word_1_54' title='bbox 444 1058 616 1122; x_wconf 87' lang='lat' dir='ltr'><strong>exponens,</strong></span> <span class='ocrx_word' id='word_1_55' title='bbox 636 1037 795 1101; x_wconf 89' lang='lat' dir='ltr'><strong>Neronem</strong></span> <span class='ocrx_word' id='word_1_56' title='bbox 812 1041 969 1104; x_wconf 88' lang='lat' dir='ltr'><strong>alumnum</strong></span> <span class='ocrx_word' id='word_1_57' title='bbox 982 1065 1069 1105; x_wconf 90' lang='lat' dir='ltr'><strong>suum</strong></span> <span class='ocrx_word' id='word_1_58' title='bbox 1083 1047 1121 1106; x_wconf 88' lang='lat' dir='ltr'><strong>ad</strong></span> <span class='ocrx_word' id='word_1_59' title='bbox 1132 1046 1179 1106; x_wconf 89' lang='lat' dir='ltr'><strong>ol-</strong></span> 
     </span>
     <span class='ocr_line' id='line_1_8' title="bbox 103 1143 1181 1229; baseline 0.007 -25"><span class='ocrx_word' id='word_1_60' title='bbox 103 1145 173 1207; x_wconf 88' lang='lat' dir='ltr'><strong>licia</strong></span> <span class='ocrx_word' id='word_1_61' title='bbox 190 1145 383 1229; x_wconf 89' lang='lat' dir='ltr'><strong>imperatoris</strong></span> <span class='ocrx_word' id='word_1_62' title='bbox 396 1145 558 1228; x_wconf 85' lang='lat' dir='ltr'><strong>sapientius</strong></span> <span class='ocrx_word' id='word_1_63' title='bbox 577 1158 608 1206; x_wconf 90' lang='lat' dir='ltr'><strong>et</strong></span> <span class='ocrx_word' id='word_1_64' title='bbox 619 1143 779 1206; x_wconf 85' lang='lat' dir='ltr'><strong>humanius</strong></span> <span class='ocrx_word' id='word_1_65' title='bbox 793 1168 884 1226; x_wconf 86' lang='lat' dir='ltr'><strong>quam</strong></span> <span class='ocrx_word' id='word_1_66' title='bbox 903 1146 1048 1211; x_wconf 86' lang='lat' dir='ltr'><strong>Claudius</strong></span> <span class='ocrx_word' id='word_1_67' title='bbox 1061 1149 1181 1212; x_wconf 81' lang='lat' dir='ltr'><strong>lecisset</strong></span> 
     </span>
     <span class='ocr_line' id='line_1_9' title="bbox 103 1249 1181 1337; baseline 0.005 -25"><span class='ocrx_word' id='word_1_68' title='bbox 103 1253 296 1332; x_wconf 84' lang='lat' dir='ltr'><strong>exsequenda</strong></span> <span class='ocrx_word' id='word_1_69' title='bbox 313 1251 426 1334; x_wconf 90' lang='lat' dir='ltr'><strong>optime</strong></span> <span class='ocrx_word' id='word_1_70' title='bbox 445 1251 664 1314; x_wconf 81' lang='lat' dir='ltr'><strong>adhortaretur.</strong></span> <span class='ocrx_word' id='word_1_71' title='bbox 678 1249 739 1312; x_wconf 91' lang='lat' dir='ltr'><strong>Sed</strong></span> <span class='ocrx_word' id='word_1_72' title='bbox 755 1254 837 1332; x_wconf 89' lang='lat' dir='ltr'><strong>quod</strong></span> <span class='ocrx_word' id='word_1_73' title='bbox 849 1254 950 1336; x_wconf 91' lang='lat' dir='ltr'><strong>primo</strong></span> <span class='ocrx_word' id='word_1_74' title='bbox 964 1254 1033 1316; x_wconf 86' lang='lat' dir='ltr'><strong>loco</strong></span> <span class='ocrx_word' id='word_1_75' title='bbox 1046 1255 1181 1337; x_wconf 89' lang='lat' dir='ltr'><strong>positum</strong></span> 
     </span>
     <span class='ocr_line' id='line_1_10' title="bbox 103 1354 1182 1439; baseline 0.005 -21"><span class='ocrx_word' id='word_1_76' title='bbox 103 1369 167 1433; x_wconf 90' lang='lat' dir='ltr'><strong>est,</strong></span> <span class='ocrx_word' id='word_1_77' title='bbox 185 1357 307 1439; x_wconf 82' lang='lat' dir='ltr'><strong>egregie</strong></span> <span class='ocrx_word' id='word_1_78' title='bbox 322 1355 476 1438; x_wconf 83' lang='lat' dir='ltr'><strong>redarguit</strong></span> <span class='ocrx_word' id='word_1_79' title='bbox 492 1356 677 1436; x_wconf 78' lang='lat' dir='ltr'><strong>Spaldingius</strong></span> <span class='ocrx_word' id='word_1_80' title='bbox 693 1354 838 1418; x_wconf 78' lang='lat' dir='ltr'><strong>viret·</strong></span> <span class='ocrx_word' id='word_1_81' title='bbox 862 1381 868 1418; x_wconf 77' lang='grc' dir='ltr'><strong>ε</strong></span> <span class='ocrx_word' id='word_1_82' title='bbox 885 1358 1016 1422; x_wconf 88' lang='lat' dir='ltr'><strong>alterum</strong></span> <span class='ocrx_word' id='word_1_83' title='bbox 1034 1361 1182 1423; x_wconf 80' lang='lat' dir='ltr'><strong>refutatur</strong></span> 
     </span>
     <span class='ocr_line' id='line_1_11' title="bbox 103 1457 1180 1547; baseline 0.005 -25"><span class='ocrx_word' id='word_1_84' title='bbox 103 1474 169 1524; x_wconf 84' lang='lat' dir='ltr'><strong>tota</strong></span> <span class='ocrx_word' id='word_1_85' title='bbox 192 1474 300 1547; x_wconf 83' lang='lat' dir='ltr'><strong>satyrae</strong></span> <span class='ocrx_word' id='word_1_86' title='bbox 317 1461 455 1542; x_wconf 85' lang='lat' dir='ltr'><strong>quamvis</strong></span> <span class='ocrx_word' id='word_1_87' title='bbox 472 1458 580 1522; x_wconf 85' lang='lat' dir='ltr'><strong>lacerae</strong></span> <span class='ocrx_word' id='word_1_88' title='bbox 598 1461 711 1522; x_wconf 90' lang='lat' dir='ltr'><strong>indole.</strong></span> <span class='ocrx_word' id='word_1_89' title='bbox 730 1457 885 1524; x_wconf 78' lang='lat' dir='ltr'><strong>Caeterum</strong></span> <span class='ocrx_word' id='word_1_90' title='bbox 903 1465 939 1526; x_wconf 89' lang='lat' dir='ltr'><strong>de</strong></span> <span class='ocrx_word' id='word_1_91' title='bbox 960 1464 1086 1526; x_wconf 90' lang='lat' dir='ltr'><strong>crimine</strong></span> <span class='ocrx_word' id='word_1_92' title='bbox 1112 1467 1180 1539; x_wconf 94' lang='lat' dir='ltr'><strong>illo,</strong></span> 
     </span>
     <span class='ocr_line' id='line_1_12' title="bbox 103 1564 1181 1654; baseline 0.005 -25"><span class='ocrx_word' id='word_1_93' title='bbox 103 1571 135 1630; x_wconf 89' lang='lat' dir='ltr'><strong>in</strong></span> <span class='ocrx_word' id='word_1_94' title='bbox 151 1571 234 1650; x_wconf 91' lang='lat' dir='ltr'><strong>quod</strong></span> <span class='ocrx_word' id='word_1_95' title='bbox 250 1566 452 1650; x_wconf 83' lang='lat' dir='ltr'><strong>Philosophus</strong></span> <span class='ocrx_word' id='word_1_96' title='bbox 473 1564 635 1627; x_wconf 87' lang='lat' dir='ltr'><strong>incurrisse</strong></span> <span class='ocrx_word' id='word_1_97' title='bbox 652 1565 777 1642; x_wconf 89' lang='lat' dir='ltr'><strong>dicitur,</strong></span> <span class='ocrx_word' id='word_1_98' title='bbox 802 1567 1020 1650; x_wconf 90' lang='lat' dir='ltr'><strong>dispiciendum</strong></span> <span class='ocrx_word' id='word_1_99' title='bbox 1036 1585 1098 1648; x_wconf 91' lang='lat' dir='ltr'><strong>est,</strong></span> <span class='ocrx_word' id='word_1_100' title='bbox 1120 1593 1181 1654; x_wconf 92' lang='lat' dir='ltr'><strong>quo</strong></span> 
     </span>
     <span class='ocr_line' id='line_1_13' title="bbox 104 1670 1180 1760; baseline 0.004 -25"><span class='ocrx_word' id='word_1_101' title='bbox 104 1675 272 1755; x_wconf 78' lang='lat' dir='ltr'><strong>equidem,</strong></span> <span class='ocrx_word' id='word_1_102' title='bbox 294 1672 405 1752; x_wconf 90' lang='lat' dir='ltr'><strong>siquis</strong></span> <span class='ocrx_word' id='word_1_103' title='bbox 425 1670 520 1748; x_wconf 86' lang='lat' dir='ltr'><strong>alius,</strong></span> <span class='ocrx_word' id='word_1_104' title='bbox 541 1691 611 1731; x_wconf 89' lang='lat' dir='ltr'><strong>eum</strong></span> <span class='ocrx_word' id='word_1_105' title='bbox 630 1670 829 1733; x_wconf 85' lang='lat' dir='ltr'><strong>libentissime</strong></span> <span class='ocrx_word' id='word_1_106' title='bbox 851 1673 1013 1737; x_wconf 87' lang='lat' dir='ltr'><strong>liberatum</strong></span> <span class='ocrx_word' id='word_1_107' title='bbox 1036 1678 1180 1760; x_wconf 88' lang='lat' dir='ltr'><strong>cupiam,</strong></span> 
     </span>
     <span class='ocr_line' id='line_1_14' title="bbox 104 1775 1183 1862; baseline 0.006 -22"><span class='ocrx_word' id='word_1_108' title='bbox 104 1783 209 1860; x_wconf 86' lang='lat' dir='ltr'><strong>quoad</strong></span> <span class='ocrx_word' id='word_1_109' title='bbox 223 1781 289 1862; x_wconf 82' lang='lat' dir='ltr'><strong>ejus</strong></span> <span class='ocrx_word' id='word_1_110' title='bbox 307 1778 428 1860; x_wconf 92' lang='lat' dir='ltr'><strong>quidem</strong></span> <span class='ocrx_word' id='word_1_111' title='bbox 445 1777 512 1839; x_wconf 83' lang='lat' dir='ltr'><strong>fieri</strong></span> <span class='ocrx_word' id='word_1_112' title='bbox 532 1777 636 1860; x_wconf 80' lang='lat' dir='ltr'><strong>possit.</strong></span> <span class='ocrx_word' id='word_1_113' title='bbox 656 1775 702 1838; x_wconf 77' lang='lat' dir='ltr'><strong>Ac</strong></span> <span class='ocrx_word' id='word_1_114' title='bbox 719 1778 872 1862; x_wconf 89' lang='lat' dir='ltr'><strong>primum,</strong></span> <span class='ocrx_word' id='word_1_115' title='bbox 894 1781 1013 1843; x_wconf 89' lang='lat' dir='ltr'><strong>utillud</strong></span> <span class='ocrx_word' id='word_1_116' title='bbox 1033 1783 1183 1846; x_wconf 86' lang='lat' dir='ltr'><strong>diluamus</strong></span> 
     </span>
     <span class='ocr_line' id='line_1_15' title="bbox 103 1883 1184 1972; baseline 0.005 -24"><span class='ocrx_word' id='word_1_117' title='bbox 103 1888 213 1948; x_wconf 90' lang='lat' dir='ltr'><strong>ludum</strong></span> <span class='ocrx_word' id='word_1_118' title='bbox 227 1885 256 1946; x_wconf 89' lang='lat' dir='ltr'><strong>ei</strong></span> <span class='ocrx_word' id='word_1_119' title='bbox 271 1885 487 1968; x_wconf 86' lang='lat' dir='ltr'><strong>abjudicando,</strong></span> <span class='ocrx_word' id='word_1_120' title='bbox 503 1883 721 1946; x_wconf 84' lang='lat' dir='ltr'><strong>dubitationem</strong></span> <span class='ocrx_word' id='word_1_121' title='bbox 740 1905 865 1946; x_wconf 85' lang='lat' dir='ltr'><strong>movere</strong></span> <span class='ocrx_word' id='word_1_122' title='bbox 888 1885 947 1949; x_wconf 93' lang='lat' dir='ltr'><strong>hoc</strong></span> <span class='ocrx_word' id='word_1_123' title='bbox 963 1902 1079 1972; x_wconf 90' lang='lat' dir='ltr'><strong>potest,</strong></span> <span class='ocrx_word' id='word_1_124' title='bbox 1103 1893 1184 1971; x_wconf 91' lang='lat' dir='ltr'><strong>quod</strong></span> 
     </span>
     <span class='ocr_line' id='line_1_16' title="bbox 104 1989 1185 2072; baseline 0.003 -16"><span class='ocrx_word' id='word_1_125' title='bbox 104 1991 278 2067; x_wconf 83' lang='lat' dir='ltr'><strong>Senecam,</strong></span> <span class='ocrx_word' id='word_1_126' title='bbox 295 1992 451 2068; x_wconf 86' lang='lat' dir='ltr'><strong>oratione,</strong></span> <span class='ocrx_word' id='word_1_127' title='bbox 467 2012 560 2072; x_wconf 87' lang='lat' dir='ltr'><strong>quam</strong></span> <span class='ocrx_word' id='word_1_128' title='bbox 572 1989 659 2053; x_wconf 90' lang='lat' dir='ltr'><strong>Nero</strong></span> <span class='ocrx_word' id='word_1_129' title='bbox 674 1991 722 2053; x_wconf 88' lang='lat' dir='ltr'><strong>die</strong></span> <span class='ocrx_word' id='word_1_130' title='bbox 733 1990 847 2055; x_wconf 81' lang='lat' dir='ltr'><strong>funeris</strong></span> <span class='ocrx_word' id='word_1_131' title='bbox 856 1989 976 2056; x_wconf 86' lang='lat' dir='ltr'><strong>Claudii</strong></span> <span class='ocrx_word' id='word_1_132' title='bbox 988 1993 1119 2059; x_wconf 86' lang='lat' dir='ltr'><strong>Caesaris</strong></span> <span class='ocrx_word' id='word_1_133' title='bbox 1127 1997 1185 2059; x_wconf 83' lang='lat' dir='ltr'><strong>ha—</strong></span> 
     </span>
     <span class='ocr_line' id='line_1_17' title="bbox 104 2097 1185 2184; baseline 0.004 -22"><span class='ocrx_word' id='word_1_134' title='bbox 104 2101 214 2176; x_wconf 87' lang='lat' dir='ltr'><strong>beret,</strong></span> <span class='ocrx_word' id='word_1_135' title='bbox 232 2100 264 2160; x_wconf 90' lang='lat' dir='ltr'><strong>in</strong></span> <span class='ocrx_word' id='word_1_136' title='bbox 281 2102 346 2181; x_wconf 84' lang='lat' dir='ltr'><strong>ejus</strong></span> <span class='ocrx_word' id='word_1_137' title='bbox 357 2099 478 2161; x_wconf 89' lang='lat' dir='ltr'><strong>laudem</strong></span> <span class='ocrx_word' id='word_1_138' title='bbox 491 2097 585 2160; x_wconf 91' lang='lat' dir='ltr'><strong>modo</strong></span> <span class='ocrx_word' id='word_1_139' title='bbox 605 2098 778 2175; x_wconf 86' lang='lat' dir='ltr'><strong>elaborata,</strong></span> <span class='ocrx_word' id='word_1_140' title='bbox 792 2101 934 2163; x_wconf 88' lang='lat' dir='ltr'><strong>continuo</strong></span> <span class='ocrx_word' id='word_1_141' title='bbox 950 2103 1091 2184; x_wconf 88' lang='lat' dir='ltr'><strong>pessimis</strong></span> <span class='ocrx_word' id='word_1_142' title='bbox 1102 2126 1185 2166; x_wconf 81' lang='lat' dir='ltr'><strong>eum·</strong></span> 
     </span>
     <span class='ocr_line' id='line_1_18' title="bbox 106 2204 1185 2274; baseline 0.002 -4"><span class='ocrx_word' id='word_1_143' title='bbox 106 2210 181 2270; x_wconf 83' lang='lat' dir='ltr'><strong>dem</strong></span> <span class='ocrx_word' id='word_1_144' title='bbox 206 2205 371 2271; x_wconf 88' lang='lat' dir='ltr'><strong>Claudium</strong></span> <span class='ocrx_word' id='word_1_145' title='bbox 395 2206 539 2270; x_wconf 80' lang='lat' dir='ltr'><strong>conviciis</strong></span> <span class='ocrx_word' id='word_1_146' title='bbox 565 2207 689 2268; x_wconf 88' lang='lat' dir='ltr'><strong>credunt</strong></span> <span class='ocrx_word' id='word_1_147' title='bbox 709 2204 769 2268; x_wconf 90' lang='lat' dir='ltr'><strong>hoc</strong></span> <span class='ocrx_word' id='word_1_148' title='bbox 790 2205 862 2268; x_wconf 86' lang='lat' dir='ltr'><strong>ludo</strong></span> <span class='ocrx_word' id='word_1_149' title='bbox 882 2223 1087 2272; x_wconf 89' lang='lat' dir='ltr'><strong>consectatum</strong></span> <span class='ocrx_word' id='word_1_150' title='bbox 1108 2232 1185 2274; x_wconf 90' lang='lat' dir='ltr'><strong>esse.</strong></span> 
     </span>
     <span class='ocr_line' id='line_1_19' title="bbox 103 2311 1185 2396; baseline 0.004 -21"><span class='ocrx_word' id='word_1_151' title='bbox 103 2313 202 2396; x_wconf 79' lang='lat' dir='ltr'><strong>Quod</strong></span> <span class='ocrx_word' id='word_1_152' title='bbox 217 2329 323 2376; x_wconf 89' lang='lat' dir='ltr'><strong>nostro</strong></span> <span class='ocrx_word' id='word_1_153' title='bbox 341 2327 422 2376; x_wconf 89' lang='lat' dir='ltr'><strong>certe</strong></span> <span class='ocrx_word' id='word_1_154' title='bbox 440 2313 541 2375; x_wconf 84' lang='lat' dir='ltr'><strong>sensui</strong></span> <span class='ocrx_word' id='word_1_155' title='bbox 560 2311 599 2374; x_wconf 91' lang='lat' dir='ltr'><strong>ab</strong></span> <span class='ocrx_word' id='word_1_156' title='bbox 617 2312 694 2373; x_wconf 87' lang='lat' dir='ltr'><strong>aulis</strong></span> <span class='ocrx_word' id='word_1_157' title='bbox 706 2324 897 2374; x_wconf 86' lang='lat' dir='ltr'><strong>remotorum</strong></span> <span class='ocrx_word' id='word_1_158' title='bbox 914 2314 963 2376; x_wconf 82' lang='lat' dir='ltr'><strong>rel</strong></span> <span class='ocrx_word' id='word_1_159' title='bbox 984 2317 1116 2378; x_wconf 86' lang='lat' dir='ltr'><strong>maxime</strong></span> <span class='ocrx_word' id='word_1_160' title='bbox 1132 2339 1185 2379; x_wconf 87' lang='lat' dir='ltr'><strong>re·</strong></span> 
     </span>
     <span class='ocr_line' id='line_1_20' title="bbox 104 2416 1186 2504; baseline 0.004 -23"><span class='ocrx_word' id='word_1_161' title='bbox 104 2433 223 2504; x_wconf 85' lang='lat' dir='ltr'><strong>pugnat</strong></span> <span class='ocrx_word' id='word_1_162' title='bbox 243 2444 253 2479; x_wconf 74' lang='grc' dir='ltr'>ι</span> <span class='ocrx_word' id='word_1_163' title='bbox 272 2419 420 2501; x_wconf 89' lang='lat' dir='ltr'><strong>siqnidem</strong></span> <span class='ocrx_word' id='word_1_164' title='bbox 438 2419 589 2503; x_wconf 87' lang='lat' dir='ltr'><strong>ingratum</strong></span> <span class='ocrx_word' id='word_1_165' title='bbox 609 2419 640 2479; x_wconf 90' lang='lat' dir='ltr'><strong>in</strong></span> <span class='ocrx_word' id='word_1_166' title='bbox 658 2416 841 2494; x_wconf 89' lang='lat' dir='ltr'><strong>Claudium,</strong></span> <span class='ocrx_word' id='word_1_167' title='bbox 862 2419 914 2500; x_wconf 91' lang='lat' dir='ltr'><strong>qui</strong></span> <span class='ocrx_word' id='word_1_168' title='bbox 938 2421 1072 2484; x_wconf 87' lang='lat' dir='ltr'><strong>exsulem</strong></span> <span class='ocrx_word' id='word_1_169' title='bbox 1091 2445 1186 2485; x_wconf 62' lang='lat' dir='ltr'><strong>revo*</strong></span> 
     </span>
     <span class='ocr_line' id='line_1_21' title="bbox 102 2513 1182 2610; baseline 0.003 -21"><span class='ocrx_word' id='word_1_170' title='bbox 102 2541 207 2590; x_wconf 85' lang='lat' dir='ltr'><strong>casset</strong></span> <span class='ocrx_word' id='word_1_171' title='bbox 224 2541 258 2589; x_wconf 86' lang='lat' dir='ltr'><strong>et</strong></span> <span class='ocrx_word' id='word_1_172' title='bbox 271 2527 373 2588; x_wconf 88' lang='lat' dir='ltr'><strong>multis</strong></span> <span class='ocrx_word' id='word_1_173' title='bbox 389 2527 566 2610; x_wconf 85' lang='lat' dir='ltr'><strong>magnisque</strong></span> <span class='ocrx_word' id='word_1_174' title='bbox 584 2513 739 2588; x_wconf 87' lang='lat' dir='ltr'><strong>beneficiis</strong></span> <span class='ocrx_word' id='word_1_175' title='bbox 761 2539 790 2586; x_wconf 91' lang='lat' dir='ltr'><strong>et</strong></span> <span class='ocrx_word' id='word_1_176' title='bbox 804 2525 971 2588; x_wconf 88' lang='lat' dir='ltr'><strong>bonoribus</strong></span> <span class='ocrx_word' id='word_1_177' title='bbox 988 2543 1182 2608; x_wconf 86' lang='lat' dir='ltr'><strong>exornasset,</strong></span> 
     </span>
     <span class='ocr_line' id='line_1_22' title="bbox 104 2631 1185 2718; baseline 0.003 -23"><span class='ocrx_word' id='word_1_178' title='bbox 104 2637 257 2711; x_wconf 84' lang='lat' dir='ltr'><strong>animum,</strong></span> <span class='ocrx_word' id='word_1_179' title='bbox 265 2632 507 2717; x_wconf 90' lang='lat' dir='ltr'><strong>philosophoque</strong></span> <span class='ocrx_word' id='word_1_180' title='bbox 513 2632 609 2696; x_wconf 85' lang='lat' dir='ltr'><strong>stoico</strong></span> <span class='ocrx_word' id='word_1_181' title='bbox 621 2631 862 2715; x_wconf 88' lang='lat' dir='ltr'><strong>indignissimum</strong></span> <span class='ocrx_word' id='word_1_182' title='bbox 872 2653 932 2694; x_wconf 91' lang='lat' dir='ltr'><strong>non</strong></span> <span class='ocrx_word' id='word_1_183' title='bbox 943 2655 1103 2717; x_wconf 88' lang='lat' dir='ltr'><strong>possumus</strong></span> <span class='ocrx_word' id='word_1_184' title='bbox 1113 2639 1185 2718; x_wconf 91' lang='lat' dir='ltr'><strong>quin</strong></span> 
     </span>
     <span class='ocr_line' id='line_1_23' title="bbox 104 2739 1184 2825; baseline 0.002 -23"><span class='ocrx_word' id='word_1_185' title='bbox 104 2739 377 2825; x_wconf 88' lang='lat' dir='ltr'><strong>reprehendamus.</strong></span> <span class='ocrx_word' id='word_1_186' title='bbox 393 2739 542 2821; x_wconf 83' lang='lat' dir='ltr'><strong>Quamvis</strong></span> <span class='ocrx_word' id='word_1_187' title='bbox 559 2739 624 2801; x_wconf 88' lang='lat' dir='ltr'><strong>haec</strong></span> <span class='ocrx_word' id='word_1_188' title='bbox 638 2739 744 2822; x_wconf 90' lang='lat' dir='ltr'><strong>negari</strong></span> <span class='ocrx_word' id='word_1_189' title='bbox 760 2759 822 2800; x_wconf 90' lang='lat' dir='ltr'><strong>uon</strong></span> <span class='ocrx_word' id='word_1_190' title='bbox 835 2754 976 2823; x_wconf 88' lang='lat' dir='ltr'><strong>possunt,</strong></span> <span class='ocrx_word' id='word_1_191' title='bbox 1000 2755 1103 2804; x_wconf 85' lang='lat' dir='ltr'><strong>tamen</strong></span> <span class='ocrx_word' id='word_1_192' title='bbox 1121 2765 1184 2804; x_wconf 90' lang='lat' dir='ltr'><strong>nou</strong></span> 
     </span>
     <span class='ocr_line' id='line_1_24' title="bbox 104 2845 1184 2931; baseline 0.004 -23"><span class='ocrx_word' id='word_1_193' title='bbox 104 2848 295 2931; x_wconf 88' lang='lat' dir='ltr'><strong>impediunt,</strong></span> <span class='ocrx_word' id='word_1_194' title='bbox 305 2847 466 2927; x_wconf 86' lang='lat' dir='ltr'><strong>quominus</strong></span> <span class='ocrx_word' id='word_1_195' title='bbox 482 2867 575 2927; x_wconf 88' lang='lat' dir='ltr'><strong>quum</strong></span> <span class='ocrx_word' id='word_1_196' title='bbox 587 2845 683 2920; x_wconf 88' lang='lat' dir='ltr'><strong>locus,</strong></span> <span class='ocrx_word' id='word_1_197' title='bbox 698 2866 790 2926; x_wconf 89' lang='lat' dir='ltr'><strong>quem</strong></span> <span class='ocrx_word' id='word_1_198' title='bbox 807 2849 886 2929; x_wconf 89' lang='lat' dir='ltr'><strong>apud</strong></span> <span class='ocrx_word' id='word_1_199' title='bbox 897 2845 1055 2911; x_wconf 86' lang='lat' dir='ltr'><strong>Neronem</strong></span> <span class='ocrx_word' id='word_1_200' title='bbox 1067 2848 1184 2912; x_wconf 85' lang='lat' dir='ltr'><strong>Seneca</strong></span> 
     </span>
     <span class='ocr_line' id='line_1_25' title="bbox 104 2950 1183 3034; baseline 0.001 -19"><span class='ocrx_word' id='word_1_201' title='bbox 104 2953 250 3030; x_wconf 83' lang='lat' dir='ltr'><strong>tenebat,</strong></span> <span class='ocrx_word' id='word_1_202' title='bbox 268 2973 419 3030; x_wconf 79' lang='lat' dir='ltr'><strong>summm,</strong></span> <span class='ocrx_word' id='word_1_203' title='bbox 435 2953 558 3034; x_wconf 87' lang='lat' dir='ltr'><strong>ejusque</strong></span> <span class='ocrx_word' id='word_1_204' title='bbox 570 2951 701 3012; x_wconf 90' lang='lat' dir='ltr'><strong>studium</strong></span> <span class='ocrx_word' id='word_1_205' title='bbox 715 2951 844 3034; x_wconf 88' lang='lat' dir='ltr'><strong>insigne,</strong></span> <span class='ocrx_word' id='word_1_206' title='bbox 859 2950 979 3016; x_wconf 89' lang='lat' dir='ltr'><strong>Claudii</strong></span> <span class='ocrx_word' id='word_1_207' title='bbox 992 2955 1114 3016; x_wconf 89' lang='lat' dir='ltr'><strong>stultitia</strong></span> <span class='ocrx_word' id='word_1_208' title='bbox 1131 2977 1183 3016; x_wconf 90' lang='lat' dir='ltr'><strong>au-</strong></span> 
     </span>
     <span class='ocr_line' id='line_1_26' title="bbox 103 3056 1279 3162; baseline -0.001 -40"><span class='ocrx_word' id='word_1_209' title='bbox 103 3061 207 3144; x_wconf 80' lang='lat' dir='ltr'><strong>genda</strong></span> <span class='ocrx_word' id='word_1_210' title='bbox 227 3071 316 3140; x_wconf 90' lang='lat' dir='ltr'><strong>atque</strong></span> <span class='ocrx_word' id='word_1_211' title='bbox 334 3058 409 3119; x_wconf 90' lang='lat' dir='ltr'><strong>risui</strong></span> <span class='ocrx_word' id='word_1_212' title='bbox 431 3056 556 3141; x_wconf 90' lang='lat' dir='ltr'><strong>publico</strong></span> <span class='ocrx_word' id='word_1_213' title='bbox 574 3057 751 3139; x_wconf 86' lang='lat' dir='ltr'><strong>exponenda</strong></span> <span class='ocrx_word' id='word_1_214' title='bbox 770 3102 779 3134; x_wconf 92' lang='lat'><strong>,</strong></span> <span class='ocrx_word' id='word_1_215' title='bbox 801 3056 915 3118; x_wconf 89' lang='lat' dir='ltr'><strong>alumni</strong></span> <span class='ocrx_word' id='word_1_216' title='bbox 934 3059 979 3120; x_wconf 91' lang='lat' dir='ltr'><strong>sui</strong></span> <span class='ocrx_word' id='word_1_217' title='bbox 998 3060 1181 3134; x_wconf 87' lang='lat' dir='ltr'><strong>extollendi,</strong></span> <span class='ocrx_word' id='word_1_218' title='bbox 1272 3141 1279 3162; x_wconf 83' lang='lat'><strong><em>.</em></strong></span> 
     </span>
     <span class='ocr_line' id='line_1_27' title="bbox 104 3161 1183 3250; baseline 0 -21"><span class='ocrx_word' id='word_1_219' title='bbox 104 3181 137 3230; x_wconf 89' lang='lat' dir='ltr'><strong>et</strong></span> <span class='ocrx_word' id='word_1_220' title='bbox 159 3166 190 3225; x_wconf 86' lang='lat' dir='ltr'><strong>ri</strong></span> <span class='ocrx_word' id='word_1_221' title='bbox 214 3165 346 3249; x_wconf 88' lang='lat' dir='ltr'><strong>oppositi</strong></span> <span class='ocrx_word' id='word_1_222' title='bbox 368 3163 483 3248; x_wconf 90' lang='lat' dir='ltr'><strong>populo</strong></span> <span class='ocrx_word' id='word_1_223' title='bbox 504 3161 757 3236; x_wconf 85' lang='lat' dir='ltr'><strong>commendandi,</strong></span> <span class='ocrx_word' id='word_1_224' title='bbox 786 3176 851 3224; x_wconf 90' lang='lat' dir='ltr'><strong>tum</strong></span> <span class='ocrx_word' id='word_1_225' title='bbox 875 3163 973 3225; x_wconf 86' lang='lat' dir='ltr'><strong>laxior</strong></span> <span class='ocrx_word' id='word_1_226' title='bbox 990 3163 1183 3250; x_wconf 88' lang='lat' dir='ltr'><strong>philosophia</strong></span> 
     </span>
    </p>

    <p class='ocr_par' dir='ltr' id='par_1_3' title="bbox 103 3269 1187 3778">
     <span class='ocr_line' id='line_1_28' title="bbox 104 3269 1181 3349; baseline -0.002 -13"><span class='ocrx_word' id='word_1_227' title='bbox 104 3275 223 3348; x_wconf 88' lang='lat' dir='ltr'><strong>stoica,</strong></span> <span class='ocrx_word' id='word_1_228' title='bbox 244 3271 445 3334; x_wconf 89' lang='lat' dir='ltr'><strong>recentiorem</strong></span> <span class='ocrx_word' id='word_1_229' title='bbox 463 3291 532 3333; x_wconf 89' lang='lat' dir='ltr'><strong>earn</strong></span> <span class='ocrx_word' id='word_1_230' title='bbox 552 3269 662 3331; x_wconf 88' lang='lat' dir='ltr'><strong>merito</strong></span> <span class='ocrx_word' id='word_1_231' title='bbox 682 3269 1070 3349; x_wconf 82' lang='lat' dir='ltr'><strong>vocaveris(concedamus</strong></span> <span class='ocrx_word' id='word_1_232' title='bbox 1082 3275 1181 3348; x_wconf 88' lang='lat' dir='ltr'><strong>enim,</strong></span> 
     </span>
     <span class='ocr_line' id='line_1_29' title="bbox 103 3374 1185 3462; baseline 0 -20"><span class='ocrx_word' id='word_1_233' title='bbox 103 3383 171 3462; x_wconf 85' lang='lat' dir='ltr'><strong>jam</strong></span> <span class='ocrx_word' id='word_1_234' title='bbox 186 3393 254 3440; x_wconf 79' lang='lat' dir='ltr'><strong>orm</strong></span> <span class='ocrx_word' id='word_1_235' title='bbox 265 3377 335 3440; x_wconf 88' lang='lat' dir='ltr'><strong>huic</strong></span> <span class='ocrx_word' id='word_1_236' title='bbox 344 3375 544 3461; x_wconf 82' lang='lat' dir='ltr'><strong>philosophiae</strong></span> <span class='ocrx_word' id='word_1_237' title='bbox 561 3374 648 3438; x_wconf 91' lang='lat' dir='ltr'><strong>unice</strong></span> <span class='ocrx_word' id='word_1_238' title='bbox 663 3374 755 3436; x_wconf 89' lang='lat' dir='ltr'><strong>luisse</strong></span> <span class='ocrx_word' id='word_1_239' title='bbox 770 3375 903 3436; x_wconf 89' lang='lat' dir='ltr'><strong>deditum</strong></span> <span class='ocrx_word' id='word_1_240' title='bbox 914 3377 928 3454; x_wconf 92' lang='lat'>)</span> <span class='ocrx_word' id='word_1_241' title='bbox 938 3398 997 3459; x_wconf 88' lang='lat' dir='ltr'><strong>qua</strong></span> <span class='ocrx_word' id='word_1_242' title='bbox 1007 3378 1076 3440; x_wconf 86' lang='lat' dir='ltr'><strong>inde</strong></span> <span class='ocrx_word' id='word_1_243' title='bbox 1085 3401 1105 3440; x_wconf 91' lang='lat' dir='ltr'><strong>a</strong></span> <span class='ocrx_word' id='word_1_244' title='bbox 1121 3378 1185 3441; x_wconf 87' lang='lat' dir='ltr'><strong>Pa-</strong></span> 
     </span>
     <span class='ocr_line' id='line_1_30' title="bbox 105 3479 1184 3569; baseline -0.001 -20"><span class='ocrx_word' id='word_1_245' title='bbox 105 3486 202 3549; x_wconf 86' lang='lat' dir='ltr'><strong>naetio</strong></span> <span class='ocrx_word' id='word_1_246' title='bbox 218 3482 300 3546; x_wconf 81' lang='lat' dir='ltr'><strong>Stoae</strong></span> <span class='ocrx_word' id='word_1_247' title='bbox 320 3495 477 3546; x_wconf 86' lang='lat' dir='ltr'><strong>auctorum</strong></span> <span class='ocrx_word' id='word_1_248' title='bbox 499 3481 646 3566; x_wconf 88' lang='lat' dir='ltr'><strong>asperitas</strong></span> <span class='ocrx_word' id='word_1_249' title='bbox 666 3493 834 3564; x_wconf 86' lang='lat' dir='ltr'><strong>temperata</strong></span> <span class='ocrx_word' id='word_1_250' title='bbox 858 3481 932 3560; x_wconf 90' lang='lat' dir='ltr'><strong>luit,</strong></span> <span class='ocrx_word' id='word_1_251' title='bbox 954 3479 1077 3548; x_wconf 81' lang='lat' dir='ltr'><strong>Senecae</strong></span> <span class='ocrx_word' id='word_1_252' title='bbox 1097 3484 1184 3569; x_wconf 84' lang='lat' dir='ltr'><strong>hujus</strong></span> 
     </span>
     <span class='ocr_line' id='line_1_31' title="bbox 103 3584 1187 3674; baseline -0.002 -20"><span class='ocrx_word' id='word_1_253' title='bbox 103 3593 173 3656; x_wconf 86' lang='lat' dir='ltr'><strong>ludi</strong></span> <span class='ocrx_word' id='word_1_254' title='bbox 189 3589 386 3674; x_wconf 84' lang='lat' dir='ltr'><strong>scriptionem</strong></span> <span class='ocrx_word' id='word_1_255' title='bbox 401 3587 603 3670; x_wconf 86' lang='lat' dir='ltr'><strong>permiserint.</strong></span> <span class='ocrx_word' id='word_1_256' title='bbox 622 3584 665 3648; x_wconf 80' lang='lat' dir='ltr'><strong>Ar</strong></span> <span class='ocrx_word' id='word_1_257' title='bbox 680 3586 722 3648; x_wconf 91' lang='lat' dir='ltr'><strong>sic</strong></span> <span class='ocrx_word' id='word_1_258' title='bbox 736 3584 848 3668; x_wconf 90' lang='lat' dir='ltr'><strong>duplici</strong></span> <span class='ocrx_word' id='word_1_259' title='bbox 861 3604 992 3669; x_wconf 90' lang='lat' dir='ltr'><strong>persona</strong></span> <span class='ocrx_word' id='word_1_260' title='bbox 1009 3609 1080 3649; x_wconf 89' lang='lat' dir='ltr'><strong>eum</strong></span> <span class='ocrx_word' id='word_1_261' title='bbox 1092 3589 1187 3652; x_wconf 88' lang='lat' dir='ltr'><strong>indui·</strong></span> 
     </span>
     <span class='ocr_line' id='line_1_32' title="bbox 103 3689 1184 3778; baseline -0.004 -15"><span class='ocrx_word' id='word_1_262' title='bbox 103 3700 198 3763; x_wconf 81' lang='lat' dir='ltr'><strong>anns!</strong></span> <span class='ocrx_word' id='word_1_263' title='bbox 213 3695 282 3760; x_wconf 91' lang='lat' dir='ltr'><strong>Nec</strong></span> <span class='ocrx_word' id='word_1_264' title='bbox 298 3695 358 3758; x_wconf 90' lang='lat' dir='ltr'><strong>hoc</strong></span> <span class='ocrx_word' id='word_1_265' title='bbox 371 3695 543 3778; x_wconf 86' lang='lat' dir='ltr'><strong>negandum</strong></span> <span class='ocrx_word' id='word_1_266' title='bbox 560 3705 614 3754; x_wconf 88' lang='lat' dir='ltr'><strong>est.</strong></span> <span class='ocrx_word' id='word_1_267' title='bbox 629 3689 672 3753; x_wconf 83' lang='lat' dir='ltr'><strong>At</strong></span> <span class='ocrx_word' id='word_1_268' title='bbox 691 3691 810 3772; x_wconf 84' lang='lat' dir='ltr'><strong>etiamsi</strong></span> <span class='ocrx_word' id='word_1_269' title='bbox 825 3693 941 3755; x_wconf 90' lang='lat' dir='ltr'><strong>nemini</strong></span> <span class='ocrx_word' id='word_1_270' title='bbox 956 3693 1009 3756; x_wconf 90' lang='lat' dir='ltr'><strong>alii</strong></span> <span class='ocrx_word' id='word_1_271' title='bbox 1022 3693 1110 3757; x_wconf 80' lang='lat' dir='ltr'><strong>facile</strong></span> <span class='ocrx_word' id='word_1_272' title='bbox 1124 3694 1184 3760; x_wconf 88' lang='lat' dir='ltr'><strong>hoc</strong></span> 
     </span>
    </p>
   </div>
   <div class='ocr_carea' id='block_1_3' title="bbox 103 3909 1185 4086">
    <p class='ocr_par' dir='ltr' id='par_1_4' title="bbox 103 3909 1185 4086">
     <span class='ocr_line' id='line_1_33' title="bbox 141 3909 1185 4000; baseline -0.003 -21"><span class='ocrx_word' id='word_1_273' title='bbox 141 3933 151 3962; x_wconf 81' lang='lat'><strong>¹</strong></span> <span class='ocrx_word' id='word_1_274' title='bbox 164 3929 196 3979; x_wconf 86' lang='lat' dir='ltr'><strong>ln</strong></span> <span class='ocrx_word' id='word_1_275' title='bbox 207 3925 416 4000; x_wconf 76' lang='lat' dir='ltr'><strong>Abhandluageu</strong></span> <span class='ocrx_word' id='word_1_276' title='bbox 424 3925 470 3978; x_wconf 86' lang='lat' dir='ltr'><strong>der</strong></span> <span class='ocrx_word' id='word_1_277' title='bbox 483 3909 580 3998; x_wconf 78' lang='lat' dir='ltr'><strong>konigl.</strong></span> <span class='ocrx_word' id='word_1_278' title='bbox 594 3923 733 3976; x_wconf 78' lang='lat' dir='ltr'><strong>hladeurie</strong></span> <span class='ocrx_word' id='word_1_279' title='bbox 747 3921 793 3976; x_wconf 87' lang='lat' dir='ltr'><strong>der</strong></span> <span class='ocrx_word' id='word_1_280' title='bbox 806 3921 1034 3978; x_wconf 82' lang='lat' dir='ltr'><strong>Wissenschelien</strong></span> <span class='ocrx_word' id='word_1_281' title='bbox 1047 3923 1100 3977; x_wconf 89' lang='lat' dir='ltr'><strong>und</strong></span> <span class='ocrx_word' id='word_1_282' title='bbox 1112 3921 1185 3976; x_wconf 76' lang='lat' dir='ltr'><strong>telio·</strong></span> 
     </span>
     <span class='ocr_line' id='line_1_34' title="bbox 103 4011 1004 4086; baseline -0.01 -13"><span class='ocrx_word' id='word_1_283' title='bbox 103 4039 163 4073; x_wconf 77' lang='lat' dir='ltr'><strong>nen</strong></span> <span class='ocrx_word' id='word_1_284' title='bbox 177 4021 278 4072; x_wconf 82' lang='lat' dir='ltr'><strong>llunste</strong></span> <span class='ocrx_word' id='word_1_285' title='bbox 290 4019 345 4071; x_wconf 78' lang='lat' dir='ltr'><strong>auis</strong></span> <span class='ocrx_word' id='word_1_286' title='bbox 357 4015 433 4086; x_wconf 80' lang='lat' dir='ltr'><strong>labe,</strong></span> <span class='ocrx_word' id='word_1_287' title='bbox 450 4015 530 4083; x_wconf 78' lang='lat'><strong>1803,</strong></span> <span class='ocrx_word' id='word_1_288' title='bbox 542 4035 566 4086; x_wconf 88' lang='lat' dir='ltr'><strong>p.</strong></span> <span class='ocrx_word' id='word_1_289' title='bbox 580 4014 629 4067; x_wconf 80' lang='lat' dir='ltr'><strong>aab</strong></span> <span class='ocrx_word' id='word_1_290' title='bbox 638 4033 674 4084; x_wconf 86' lang='lat' dir='ltr'><strong>sq.</strong></span> <span class='ocrx_word' id='word_1_291' title='bbox 692 4013 845 4080; x_wconf 82' lang='lat' dir='ltr'><strong>(Berolini,</strong></span> <span class='ocrx_word' id='word_1_292' title='bbox 860 4011 942 4079; x_wconf 73' lang='lat' dir='ltr'><strong>ctos,</strong></span> <span class='ocrx_word' id='word_1_293' title='bbox 961 4014 1004 4080; x_wconf 78' lang='grc'><strong>4.)</strong></span> 
     </span>
    </p>
   </div>
   <div class='ocr_carea' id='block_1_4' title="bbox 233 4115 1061 4200">
    <p class='ocr_par' dir='ltr' id='par_1_5' title="bbox 233 4115 1061 4200">
     <span class='ocr_line' id='line_1_35' title="bbox 233 4115 1061 4200; baseline -0.011 -19"><span class='ocrx_word' id='word_1_294' title='bbox 233 4115 281 4181; x_wconf 86' lang='lat' dir='ltr'><strong>ll.</strong></span> <span class='ocrx_word' id='word_1_295' title='bbox 1022 4131 1061 4200; x_wconf 77' lang='lat' dir='ltr'><strong>tp</strong></span> 
     </span>
    </p>
   </div>
   <div class='ocr_carea' id='block_1_5' title="bbox 0 0 1496 4948">
    <p class='ocr_par' dir='ltr' id='par_1_6' title="bbox 0 0 1496 4948">
     <span class='ocr_line' id='line_1_36' title="bbox 0 0 1496 4948; baseline 0 0"><span class='ocrx_word' id='word_1_296' title='bbox 0 0 1496 4948; x_wconf 95' lang='lat' dir='ltr'><strong> </strong></span> 
     </span>
    </p>
   </div>
  </div>
 </body>
</html>
