2952 4938
292 443 359 540 698
495 439 564 510 os
588 441 904 520 Moesorum
926 445 1154 522 roconis

291 607 350 668 que
370 603 472 651 moros
490 584 653 658 inclinem
660 625 746 652 ......
760 583 881 658 Eadem
902 588 1029 653 victoria
1050 589 1186 672 odronto
1198 589 1231 652 iu
1249 587 1367 652 Urbem

292 691 448 759 murrbiua
463 692 594 764 iuverim
611 692 786 776 primusque
801 691 967 778 Pompeius
978 692 1137 778 lagideset
1147 695 1264 778 secuta
1277 716 1317 757 ex
1332 716 1368 758 eo

292 797 446 883 triumpho
468 796 643 882 Capitolino
658 797 732 860 Jovi
754 799 886 864 dicavit:
906 821 971 882 qua
987 797 1188 884 grotimsfed
1207 800 1369 873 bominrun

293 927 381 968 usum
393 907 565 986 ,nariam
581 905 683 980 maer
708 906 800 980 &am
814 907 995 990 escariisque
1009 909 1087 975 vasis
1100 909 1171 984 iude
1185 908 1368 991 expetitis..

292 1009 407 1075 Oriens
420 1011 577 1074 murrbina
591 1012 683 1084 mittit
699 1035 706 1072 ε
723 1012 916 1082 inveniuntur
932 1013 1017 1081 enirn
1029 1014 1073 1079 ibi
1086 1015 1118 1079 iu
1130 1013 1273 1098 pluribus
1283 1013 1367 1086 locis,

293 1141 351 1183 nec
365 1116 550 1202 insignibus,
562 1119 694 1182 tuumne
707 1115 841 1185 Pwttiei
849 1121 940 1204 regui
950 1146 959 1193 ς
971 1121 1122 1205 praecipuc
1134 1135 1240 1183 tamen
1253 1121 1286 1182 iu
1297 1118 1371 1184 Car-

295 1225 406 1292 mania
421 1222 594 1291 Humorem
607 1238 713 1310 putant
726 1213 882 1300 ¹suitterra
897 1225 1144 1302 caioredeusari.
1159 1224 1369 1310 Amplitod'me

294 1351 442 1414 nusquam
461 1352 571 1416 perros
586 1333 869 1407 escedootabanom
888 1335 1083 1408 mudmdine
1094 1355 1184 1412 raro,
1198 1335 1371 1418 quantaeli-

295 1451 377 1502 ctum
390 1452 436 1501 est
447 1439 513 1502 rasi
527 1439 659 1522 potorio.
673 1436 825 1524 Splendor
834 1440 882 1504 bis
895 1442 960 1504 siue
972 1441 1102 1514 viribus,
1117 1442 1262 1523 nitorque
1275 1443 1371 1504 verius

296 1563 387 1624 quam
401 1544 554 1626 splendor.
567 1541 628 1607 Sed
644 1545 675 1606 iu
689 1545 787 1630 pretio
799 1546 928 1610 varietas
948 1547 1086 1610 colorum
1105 1547 1234 1610 subinde
1245 1549 1371 1612 circurn-

299 1649 456 1735 agentibus
470 1670 503 1713 se
517 1651 644 1716 maculis
656 1652 687 1714 in
702 1667 884 1738 purpuram¹
902 1655 1145 1736 candoremque,
1158 1668 1189 1718 et
1200 1655 1371 1717 tertiumer

296 1773 442 1842 utroque,
455 1761 647 1844 ignescente,
659 1761 750 1823 veluti
762 1783 819 1844 per
833 1763 992 1825 transitum
1005 1763 1135 1841 coieris,
1154 1784 1310 1846 purpura,
1325 1777 1373 1824 aut

297 1867 474 1930 rubescente
490 1867 597 1932 lacteo.
609 1865 686 1932 Stmt
699 1869 751 1950 qui
766 1868 898 1932 maxime
914 1867 998 1944 iniis
1014 1868 1137 1931 laudent
1150 1867 1370 1939 extremitates,
1450 1889 1451 1900 ¹

297 1987 328 2038 et
347 1975 493 2056 quosdam
507 1973 644 2037 colorum
663 1995 884 2058 repercussus,
906 1975 1011 2058 quales
1028 1975 1061 2036 in
1078 1975 1188 2037 oaelesti
1209 1995 1286 2036 arcu
1304 1997 1373 2060 spe-

195 2089 201 2104 '
298 2093 425 2144 etantur.
437 2079 494 2143 His
505 2083 625 2142 maculo
630 2086 769 2166 pingues·
779 2081 900 2169 placent
912 2107 919 2143 ε
933 2083 1119 2147 translucere
1131 2081 1375 2166 quidquam³aot

298 2188 429 2274 pallere,
444 2188 549 2250 vidum
562 2202 617 2250 cst.
629 2187 707 2254 Item
722 2188 819 2267 sales,
832 2187 1043 2271 verrucaequei
1052 2209 1114 2252 non
1126 2187 1315 2266 eminentes,
1326 2191 1375 2252 sed
1450 2217 1451 2272 ᾗ

299 2309 332 2356 ot
345 2296 376 2356 in
393 2316 523 2380 corpore
534 2296 626 2360 etiem
639 2295 819 2381 pierumque
836 2295 967 2360 sessiles.
976 2295 1088 2380 Aliqua
1100 2310 1130 2360 et
1140 2297 1171 2356 in
1186 2298 1286 2358 odore
1297 2316 1376 2358 com-
1450 2279 1451 2310 ¹

299 2401 452 2468 mendatio
467 2415 521 2464 est.
539 2399 678 2482 »(Pn1rr.
695 2401 767 2469 Nat.
784 2399 865 2467 Hist·
879 2401 932 2470 iib-
946 2399 1123 2480 xxxvss,
1140 2423 1207 2488 cap.
1222 2405 1273 2482 r.)
1299 2461 1305 2466 .

338 2507 453 2572 Toutes
469 2506 515 2570 les
527 2508 642 2592 parties
661 2511 698 2570 de
714 2521 792 2571 cette
813 2491 996 2591 description
1012 2510 1214 2572 conrieunent
1229 2508 1378 2592 parisite

298 2629 381 2680 ment
396 2615 413 2676 'a
434 2616 464 2677 io
481 2615 677 2697 porc‘eiaine,
698 2628 728 2677 et
745 2615 776 2677 is
796 2615 1031 2693 caracterisent,
1052 2637 1086 2679 ce
1109 2639 1160 2678 me
1177 2615 1324 2704 sembie,
1342 2617 1379 2678 dc
1450 2673 1451 2698 ,

299 2721 437 2789 manitre
453 2724 471 2783 ὲ
485 2741 526 2784 ne
540 2720 570 2783 la
584 2742 640 2806 pas
656 2719 873 2786 meconnatoe.
889 2717 935 2785 Le
950 2716 985 2783 P.
1000 2719 1162 2786 Herdonio
1177 2721 1256 2785 n'est
1271 2743 1329 2806 pas
1342 2724 1380 2784 de

300 2849 335 2894 ce
349 2830 510 2892 sentiment
523 2852 531 2900 ς
546 2827 625 2890 mais
639 2847 687 2890 ses
701 2825 868 2911 objections
882 2841 950 2890 sont
969 2827 1176 2905 tres-faibies,
1193 2840 1224 2890 et
1236 2826 1286 2888 Μ.
1305 2825 1380 2890 Ma-

300 2936 387 2998 riette
400 2958 421 3020 y
434 2929 551 3018 repond
564 2925 752 2996 solidemcut
769 2933 780 3014 (
795 2933 824 2994 V
820 2953 886 3016 oyes
902 2932 932 2995 ie
955 2931 1053 2996 Tror'td
1063 2933 1113 2994 der
1123 2931 1236 2996 Piems
1244 2939 1378 3012 gemens,

300 3063 369 3131 pag.
388 3041 447 3105 218
463 3055 493 3106 et
510 3041 606 3118 suiv.)

333 3221 343 3252 ¹
358 3219 392 3270 Ie
402 3215 464 3271 bico
475 3217 625 3279 tedoionci,
638 3227 663 3268 ot
673 3212 751 3268 tirast
759 3231 803 3268 sor
811 3214 838 3268 ie
850 3215 942 3278 viriet,
963 3215 1025 3268 c‘tait
1036 3227 1145 3270 sontem
1158 3214 1250 3288 eppei!
1257 3233 1381 3283 mm

302 3322 346 3376 μῐ
358 3301 396 3356 les
406 3301 530 3363 audeus,
541 3311 567 3356 et
576 3319 668 3363 encore
679 3297 842 3370 auiourdibui
854 3301 915 3357 e'est
923 3299 950 3354 ia
959 3320 1068 3374 pourpre
1079 3299 1112 3354 de
1123 3319 1171 3354 nos
1182 3299 1245 3354 rois-

334 3386 401 3440 ²On
414 3405 446 3438 ne
454 3384 563 3465 goursit
574 3384 657 3438 micus
669 3382 785 3458 designer
798 3383 836 3442 ,ies
850 3405 985 3439 orncmsns
1002 3385 1083 3460 points
1094 3404 1137 3440 sur
1148 3383 1173 3438 ia
1185 3383 1336 3460 porteiainc
1350 3383 1380 3435 de

302 3466 327 3520 ia
341 3465 437 3534 chine,
447 3487 497 3538 que
504 3485 549 3536 par
556 3477 619 3518 cette
626 3465 768 3538 expression
775 3505 783 3534 ,
790 3469 901 3520 mocula
910 3472 1036 3537 prirgroes:
1048 3467 1078 3520 iis
1087 3480 1144 3520 sont
1150 3485 1219 3538 grus
1229 3477 1254 3517 et
1265 3469 1381 3530 munis,

303 3567 367 3628 pour
378 3573 418 3606 me
429 3551 509 3606 servir
523 3547 669 3604 desterrues
681 3549 713 3603 de
722 3549 798 3617 i'art;
812 3551 851 3607 tes
871 3570 1007 3606 ornemens
1024 3552 1068 3608 dos
1084 3551 1209 3606 bornaim
1221 3551 1318 3604 erstem
1330 3591 1339 3618 ,
1350 3572 1381 3604 en

303 3640 491 3710 wmpcreison,
507 3638 588 3712 idgors
599 3649 624 3688 et
637 3637 753 3710 moignes.

335 3725 433 3779 ³voilt
443 3725 487 3796 qui
495 3723 638 3777 erranei-ise
651 3723 674 3775 la
686 3721 826 3795 porceiaiue
838 3742 929 3776 encore
940 3723 996 3797 plus
1002 3743 1056 3794 qne
1068 3735 1122 3786 tout
1134 3723 1158 3776 le
1168 3735 1248 3784 reste;
1260 3722 1314 3778 elle
1325 3723 1380 3775 doit

302 3807 374 3862 avoir
387 3808 421 3862 du
432 3827 515 3881 corps,
532 3818 556 3859 et
571 3805 649 3858 n'dtre
661 3805 733 3879 point
751 3817 920 3878 transparente
934 3822 940 3856 :
953 3817 1095 3858 autremcnt
1106 3824 1135 3857 ce
1151 3805 1227 3858 serait
1237 3805 1270 3856 de
1283 3803 1380 3856 l’emil

303 3890 440 3944 semblable
451 3895 465 3942 i
482 3909 523 3944 ces
541 3910 667 3963 ouvrages
679 3889 762 3960 quise
775 3890 831 3942 sont
843 3891 857 3940 i
869 3889 965 3942 Nerers
981 3890 1033 3956 (ou
1045 3889 1075 3942 dc
1087 3889 1112 3943 ia
1123 3887 1270 3960 porceiaine
1280 3888 1379 3950 iritte'e3

304 3987 328 4028 st
337 3977 429 4039 mimo,
439 3995 504 4048 pour
513 3973 537 4027 le
549 3975 648 4028 dircen
660 3972 811 4048 passando
823 3973 926 4048 plupart
938 3973 970 4028 de
982 3973 1057 4029 telles
1068 3974 1146 4044 qu¹ou
1159 3973 1206 4025 icit
1217 3971 1385 4043 sujourd'boi

304 4079 337 4112 cu
354 4061 453 4114 Franco
468 4059 575 4134 piebent
590 4071 670 4114 moos
680 4071 799 4133 percute
806 4059 1128 4134 mairomontem
1141 4057 1270 4115 Addidorr
1287 4057 1319 4110 de
1336 4057 1386 4110 t‘t-

305 4145 387 4200 diteor
399 4143 562 4200 ilenotede
573 4145 611 4199 id
622 4145 740 4199 Mariette
750 4145 769 4212 ).

336 4229 348 4265 ⁴
362 4228 429 4282 C¹est
440 4229 618 4302 prdeiss'ment,
632 4230 670 4285 dit
679 4231 716 4284 bi.
727 4231 859 4299 biariettc,
872 4252 901 4286 ee
912 4251 960 4303 que
972 4251 1036 4286 nous
1047 4247 1184 4284 uommost
1192 4225 1386 4300 dossorfflum

307 4326 330 4368 et
342 4314 385 4367 des
399 4317 534 4369 hostiliores,
