2966 4948
471 447 772 521 PRAEFATIO.
1088 455 1155 548 ²⁵9

78 581 211 644 stoicam
233 578 309 641 risui
327 575 486 660 exposuit?
506 574 621 660 Quidni
639 589 771 640 statuere
788 573 880 654 licet,
899 573 1005 640 latium
1025 575 1106 644 hunc
1123 579 1157 642 in

79 685 239 771 pubiicum
254 683 402 769 prodiisse
415 684 517 769 primo
535 705 741 773 anonymum,
755 703 939 768 quamquam
952 683 1076 750 Senecae
1090 669 1165 750 esse·

78 791 262 876 opusculmu
279 812 351 853 mox
371 791 527 853 neminem
541 790 670 876 fugerit?
688 789 772 853 Nam
788 791 840 873 qui
851 783 953 853 aulam
971 793 1093 874 ejusque
1109 814 1158 856 ar-

81 891 128 960 tes
141 899 258 982 populo
275 896 371 960 verba
384 897 474 960 dandi
488 911 577 980 atque
593 917 629 960 os
644 897 800 961 oblinendi
816 899 951 983 vaalgatas
967 900 1107 979 noverit,
1128 903 1157 964 ei

79 1005 172 1068 facile
188 1005 269 1070 hauc
281 1003 458 1090 opinionem
474 1023 507 1067 se
525 1003 724 1089 probaturam
742 991 871 1068 confido.
1272 1007 1276 1016 '

124 1109 282 1176 caeterum
297 1125 403 1174 ctmcta
420 1132 487 1193 quare
503 1113 543 1174 ad
559 1112 667 1173 mortis
678 1109 798 1176 Claudii
811 1133 905 1196 genus
922 1127 1069 1197 spectant,
1085 1135 1158 1176 mox

81 1221 161 1280 adeo
177 1230 361 1301 pernotuere
372 1262 381 1295 ,
392 1229 427 1279 ut
441 1215 582 1295 Tacitus,
601 1213 785 1294 Suetonius,
802 1218 912 1300 aliique
933 1239 996 1281 non
1011 1241 1088 1303 opus
1099 1221 1159 1282 ha-

81 1325 225 1387 berente
240 1335 340 1409 satyra
353 1322 476 1386 haurire
491 1343 544 1386 sua
558 1322 617 1402 (cf.
630 1321 729 1387 Tacit.
741 1321 823 1388 Ann-
833 1322 914 1403 ΧΠ,
926 1321 995 1410 67).
1006 1323 1078 1408 Quo
1091 1327 1159 1392 sac-

81 1445 151 1494 tum
162 1443 225 1509 est,
239 1444 274 1493 ut
286 1429 414 1492 historia
430 1428 507 1492 nihil
523 1428 596 1492 nori
614 1451 651 1492 ex
666 1451 704 1514 ea
719 1431 830 1514 capiat.

123 1536 160 1601 Si
167 1539 247 1602 sorte
257 1536 395 1622 monne
404 1536 647 1620 omniaquaepro
654 1533 772 1600 Seneca
781 1535 860 1600 Ludi
869 1551 992 1603 auctore
1002 1554 1156 1628 pugnant,

78 1643 182 1730 probe
196 1643 409 1727 perpenderit,
420 1663 483 1717 non
496 1643 622 1720 dubito,
637 1643 874 1726 quinsententiae
888 1639 1010 1709 ve'tustae
1025 1668 1043 1709 a
1056 1646 1159 1712 Dione

79 1749 195 1815 Cassio
210 1763 242 1812 et
254 1745 350 1814 Codrl,
364 1769 438 1812 mss.
450 1747 541 1810 nobis
553 1748 670 1811 traditae
683 1770 807 1812 mecum
822 1753 945 1814 accedat
959 1766 990 1816 et
1006 1774 1076 1816 eam
1088 1775 1161 1838 pro·

80 1856 154 1930 bet,
169 1855 289 1918 etiamsi
303 1874 395 1918 nemo
411 1853 500 1938 hujus
513 1851 576 1916 ludi
588 1852 764 1917 meminerit
778 1870 889 1938 prseter
908 1854 1062 1937 Dionem,
1079 1863 1161 1942 quod

79 1963 175 2026 facile
192 1962 223 2024 in
237 1973 320 2024 tanta
334 1974 509 2038 auuormu,
525 1960 696 2043 praesertim
705 1960 791 2023 istim
806 1963 885 2037 aevi,
899 1964 1014 2044 jactura
1025 1964 1093 2027 fieri
1106 1986 1163 2049 po-

79 2071 150 2132 tuit.
159 2067 298 2132 Titulum
308 2081 411 2130 autern
423 2063 556 2130 aDione
569 2067 723 2150 laudatum
732 2069 844 2132 nostris
853 2070 940 2132 codd.
950 2093 1023 2134 mss.
1036 2074 1159 2152 deesse,

80 2177 204 2240 nemini
214 2175 329 2238 minun
343 2174 511 2254 ridebitur,
531 2173 583 2256 qui
597 2175 801 2258 reputaverit,
816 2175 931 2240 librum
946 2199 982 2241 ex
997 2199 1059 2242 uno
1073 2195 1104 2243 et
1121 2201 1161 2244 eo

81 2286 191 2348 lacero
205 2284 309 2346 codice
323 2281 528 2366 manuscripto
546 2283 586 2344 ad
594 2302 651 2344 uos
660 2280 789 2344 venisse.
801 2281 869 2346 Nec
879 2297 982 2347 tamen
995 2285 1065 2349 inde
1079 2291 1161 2370 quod

81 2389 150 2452 Dio
165 2386 289 2453 Cassius
302 2386 416 2450 librum
428 2408 492 2449 non
505 2407 576 2452 cum
595 2383 685 2450 laude
698 2388 858 2466 meminit,
878 2389 945 2475 cogi
965 2405 1048 2455 recte
1067 2413 1159 2477 posse

82 2496 225 2569 ridetur,
241 2513 304 2556 non
324 2493 428 2578 magni
445 2515 511 2556 esse
526 2493 707 2556 aestimatum
725 2515 733 2554 ε
751 2514 825 2555 nam
840 2508 942 2558 utrum
961 2495 1025 2561 Dio
1045 2499 1159 2564 librmn

81 2599 151 2684 ipse
166 2598 292 2684 legerit,
313 2618 353 2662 an
372 2598 493 2661 aliunde
511 2619 565 2662 sua
584 2597 739 2676 hauserit,
762 2618 854 2666 nemo
874 2601 992 2666 dixerit.
1009 2602 1157 2682 Accedit,

81 2707 168 2790 quod
184 2703 310 2770 Seneca
326 2725 390 2768 non
406 2705 515 2768 favisse
530 2717 658 2768 constat.

124 2811 162 2874 ln
181 2809 242 2874 hoc
256 2808 373 2898 Satyrae
392 2830 505 2897 genere
523 2809 639 2875 Seneca
661 2813 723 2873 non
742 2811 860 2898 primus
879 2811 954 2893 tuit,
978 2837 1072 2898 quum
1092 2817 1158 2879 Lu-

81 2921 169 2980 cilius
182 2964 191 2996 ,
204 2923 247 2979 M.
258 2917 323 2979 Ter.
336 2919 427 2980 Varro
440 2920 520 3001 apud
533 2915 711 2996 Romanos,
731 2931 763 2980 et
776 2917 940 3004 Menippus
954 2919 1156 3003 Gadarenus,

81 3023 253 3108 Meleagri,
271 3025 364 3109 primi
378 3025 570 3110 Anthologiae
583 3046 688 3110 graecae
702 3027 880 3104 conditoris,
894 3030 1026 3109 amicus,
1041 3037 1056 3096 ὅ
1071 3059 1159 3098 σπω-

80 3137 216 3217 δογὶλοιος
226 3129 381 3209 Straboni,
390 3129 488 3206 XVI,
501 3153 532 3215 p.
550 3152 624 3193 nor
638 3176 648 3209 ,
661 3145 784 3194 vocatus
798 3131 852 3210 (cf.
865 3131 1000 3199 Fabricii
1012 3135 1158 3206 Biblioth.

80 3261 177 3323 graec.
191 3236 265 3300 Vol.
284 3235 355 3316 111,
375 3260 406 3321 p.
426 3235 484 3300 521
505 3239 588 3320 sap),
608 3235 720 3318 aliique
742 3239 821 3321 apud
838 3235 966 3308 Graecos
983 3243 1054 3307 satis
1073 3247 1159 3309 cele-

81 3345 158 3408 bres
174 3343 287 3406 suerint
309 3342 451 3431 satyrici,
472 3343 525 3425 qui
545 3342 676 3406 solutam
700 3343 871 3406 orationem
893 3345 1029 3410 uorsibus
1056 3351 1160 3414 distin·

80 3452 207 3534 guendo
226 3469 339 3512 nomeu
356 3449 427 3515 huic
444 3447 595 3512 scribendi
616 3447 722 3531 generi
741 3449 943 3514 adsciverunt.
962 3449 1023 3515 Sed
1040 3455 1083 3516 nil
1100 3457 1159 3521 nisi

79 3557 256 3640 fragmenta
264 3553 375 3619 horum
386 3553 569 3639 scriptorum
578 3565 705 3618 exstant.
713 3551 780 3617 Nec
787 3574 872 3616 raras
882 3553 1055 3639 hujusmodi
1066 3564 1159 3647 scrip

79 3667 185 3726 tiones
201 3661 293 3726 finisse
307 3664 388 3747 apud
399 3659 557 3724 Romanos
579 3680 643 3723 non
662 3681 757 3721 unum
776 3662 949 3745 exemplum
966 3666 1064 3730 docet.
1082 3667 1160 3732 Cla-

78 3771 241 3834 rissimum
255 3783 301 3831 est
315 3766 362 3831 M.
377 3767 452 3830 Ter.
458 3766 629 3846 Varronis,
643 3767 696 3849 qui
707 3766 975 3848 intriumriratum
991 3769 1050 3836 Cn.
1068 3774 1160 3838 Pom-

78 3878 168 3962 peii,
187 3875 266 3938 Julii
279 3872 410 3939 Caesaris
426 3887 457 3938 et
474 3871 520 3937 M.
536 3871 641 3938 Crassi
655 3887 788 3959 satyram
803 3882 975 3960 Τρικάρανον,
993 3883 1033 3941 ad
1045 3879 1161 3946 Cerbe.

78 4005 155 4047 rum
167 3983 352 4066 respiciens,
367 3980 552 4066 composuit,
568 3992 770 4042 memoratam
781 3976 940 4064 Appiano,
955 3983 991 4047 B.
1006 3984 1042 4049 C.
1054 3985 1085 4050 ll
1098 4035 1106 4060 ,
1120 4013 1141 4076 9
1211 3993 1217 4000 '

79 4081 247 4162 (v01.11‚
263 4079 347 4166 Opp.
370 4105 402 4166 p.
426 4081 504 4158 188,
517 4083 566 4146 ed.
585 4081 892 4166 Sdsweighaeuseri.)
910 4081 992 4147 AEtii
1007 4075 1175 4153 saturnint'

81 4203 197 4276 satyra
212 4189 244 4250 iu
262 4186 423 4250 Tiberium
442 4187 582 4252 meminit
596 4186 661 4252 Dio
676 4188 763 4254 Cass.
777 4189 887 4268 LVM,
903 4215 951 4256 aa.
965 4190 1028 4257 Sed
1041 4196 1092 4276 qui
1103 4195 1161 4259 hac
