2978 4942
291 471 357 568 ⁴7²
440 509 448 528 2
618 471 688 538 ou
711 469 1023 538 uouemus

290 603 487 682 substituit,
508 605 568 694 qui
587 625 657 670 uon
675 601 804 672 calamo
822 617 953 670 tautum
973 615 1110 669 uenture
1121 651 1136 686 ,
1167 617 1202 668 et
1229 617 1364 696 agreste

289 733 393 811 utque
411 717 622 788 inconditum
636 743 775 790 eumen
787 717 834 788 ud
848 717 998 810 aliquam
1012 727 1141 786 tsmeu¹
1157 716 1366 786 oblectatio-

290 859 369 902 nem
386 832 555 904 modulari
567 833 696 917 docuit,
713 833 774 904 sed
789 851 837 904 tot
849 851 953 919 ortes,
970 849 1020 903 tot
1031 859 1151 904 vocum
1165 834 1363 912 varietates,

291 969 342 1022 tot
353 977 470 1034 sonos,
484 952 568 1022 elios
579 954 704 1046 spiritu
721 969 858 1036 notun,
874 952 959 1020 ulios
975 968 1135 1032 externo,
1153 967 1275 1020 contus
1292 950 1367 1020 edi-

250 1075 268 1128 6
292 1086 410 1152 turos,
429 1085 639 1142 commentus
656 1075 745 1138 est².
772 1072 893 1162 Neque
917 1071 1010 1138 euim
1035 1085 1151 1138 nostru
1174 1069 1261 1150 istu,
1289 1091 1366 1160 quae
1474 1045 1475 1132 i

289 1187 504 1268 invenimus,
525 1186 652 1254 dixeris
672 1213 681 1254 :
700 1209 770 1256 nou
786 1187 912 1280 mugio,
934 1210 1036 1278 quum
1055 1184 1148 1278 quud
1165 1185 1365 1268 crescimus,

290 1327 392 1395 Qum
406 1301 499 1397 quod
511 1301 556 1372 nd
568 1304 788 1372 coustitutum
802 1317 936 1396 tempus
949 1327 1010 1372 suu
1020 1304 1154 1396 uorpon'
1168 1302 1284 1370 officia
1298 1325 1366 1370 res·

290 1417 457 1512 pondent.
477 1423 578 1490 Nunc
593 1420 777 1513 puerilium
794 1417 947 1489 dentium
962 1419 1096 1513 lapsus,
1118 1443 1211 1488 nuno
1226 1417 1273 1486 nd
1292 1441 1368 1485 sur-
1475 1417 1476 1422 ’

294 1550 430 1627 gentem
439 1535 512 1627 jum
527 1551 672 1618 mutem,
689 1551 723 1604 et
739 1537 776 1603 iri
791 1534 1016 1604 robustiorem
1032 1531 1173 1627 gradum
1189 1547 1369 1600 mosenu-

293 1669 363 1720 tem
386 1649 587 1747 pubertas',
615 1670 652 1722 et
669 1653 809 1723 ultimus
827 1653 888 1722 ille
904 1645 1011 1720 deus⁴
1039 1651 1193 1744 surgenti
1213 1650 1368 1743 juventu

293 1767 478 1837 terminum
496 1789 640 1860 ponens.
660 1768 766 1838 lusits
786 1781 866 1835 sunt
888 1765 988 1835 uobis
1005 1765 1155 1834 omnium
1175 1755 1367 1846 ⁵aetatum,

293 1880 512 1974 omniumque
522 1883 647 1950 artium
660 1883 811 1964 semino,
834 1883 1063 1976 magisterque
1075 1904 1115 1948 ex
1128 1879 1262 1948 ooculto
1276 1881 1370 1948 Deus

292 1998 453 2093 producit
468 1993 645 2092 ingenia‘.

343 2114 419 2180 Vll.
439 2115 590 2198 Natura,
610 2115 741 2206 inquit,
762 2114 837 2182 hmo
848 2114 934 2182 mibi
947 2127 1096 2210 prestat.
1113 2115 1190 2182 Nou
1204 2110 1371 2204 intelligis

295 2245 328 2298 te
339 2279 350 2312 ‚
362 2254 467 2322 quum
478 2228 545 2298 boc
557 2228 655 2312 dicis,
673 2246 805 2298 mutare
820 2254 944 2298 nomeu
954 2231 1028 2300 Deo
1039 2229 1161 2322 iQuid
1171 2229 1264 2296 euim
1275 2224 1371 2295 uliud

295 2362 347 2414 est
358 2361 502 2430 natura,
522 2370 624 2438 quum
642 2348 734 2416 Deus
746 2351 772 2429 ἲ,
792 2363 828 2414 et
846 2345 963 2416 divina
979 2349 1087 2430 ratio,
1111 2349 1171 2416 toti
1188 2343 1320 2415 mundo
1337 2361 1373 2413 et

332 2568 353 2600 ι.
371 2549 478 2603 Tamen.
496 2551 593 2606 Omnes
611 2551 686 2606 oodd.
699 2563 723 2604 st
735 2553 807 2608 snti-
856 2564 941 2606 noster
953 2552 1182 2622 Quasnam,
1195 2569 1245 2624 ²9²
1259 2573 1274 2598 ι
1286 2551 1316 2602 in
1327 2567 1373 2602 se-

296 2645 354 2697 que
365 2627 423 2680 edd.
435 2628 590 2693 Estmelius,
598 2649 677 2701 quum
688 2643 806 2694 materni,
856 2633 942 2693 mine,
955 2631 1003 2698 sit,
1016 2631 1101 2684 omnis
1109 2631 1189 2683 futuri
1200 2629 1317 2682 bominis
1332 2649 1374 2681 rs-

297 2719 321 2760 st
333 2705 478 2779 signifieat,
492 2707 575 2762 Gron.
587 2711 721 2785 interprete
734 2751 742 2776 ‚
754 2730 808 2764 non
856 2709 894 2762 tiu
906 2709 1088 2786 comprehensa
1098 2723 1143 2761 est.
1150 2710 1184 2762 Et
1193 2707 1279 2780 legem
1289 2706 1374 2760 barte

298 2797 408 2838 exutum
419 2787 502 2860 legem
512 2787 686 2841 bermunicsm
696 2826 705 2852 ,
714 2790 758 2842 sed
768 2810 809 2841 ru·
858 2801 883 2842 et
898 2807 1019 2842 cenorum
1032 2787 1102 2854 (scil.
1112 2787 1222 2840 trinium
1232 2789 1243 2854 )
1253 2785 1373 2838 nondum

298 2863 602 2936 demetquslemeumque
608 2865 808 2920 observationem
857 2877 931 2919 ustus
943 2867 1030 2919 inl'sns
1038 2865 1115 2920 bibet
1127 2866 1220 2918 :tutin
1230 2866 1303 2918 enim
1314 2885 1374 2917 our·

297 2944 442 2997 modorum.
856 2946 926 3018 poris
937 2957 961 2998 et
971 2943 1098 3017 sequentis
1109 2943 1188 2999 etatis
1199 2943 1228 2996 iu
1239 2961 1321 3014 perro
1329 2961 1374 2994 oe·

334 3041 357 3073 r.
372 3021 538 3074 commentus
547 3031 594 3074 est.
606 3022 695 3077 ldsute
706 3043 751 3078 sus
762 3027 810 3078 in-
857 3023 976 3096 eultoqus
991 3025 1145 3077 lineamenta
1164 3035 1232 3075 suut.
1248 3022 1375 3074 Animum

298 3097 408 3161 tellexit,
421 3117 480 3150 mos
491 3099 650 3152 formaturus.
661 3100 728 3153 Gall
738 3101 810 3156 dirs-
857 3122 920 3155 vero
935 3101 1023 3156 docuit
1036 3101 1098 3155 Stoa
1115 3099 1270 3154 extrinsecus
1286 3099 1374 3152 deri.-

299 3189 368 3227 retur
379 3179 451 3245 quin
460 3177 584 3246 imagini,
592 3177 635 3231 sed
645 3178 694 3232 boc
702 3194 810 3235 seusuut
859 3177 1019 3254 ellipsin
1034 3179 1149 3252 l’lrysiol.
1163 3180 1216 3246 lll,
1230 3199 1254 3250 7.

299 3253 374 3306 tacite
386 3255 535 3308 innueretur
545 3259 594 3338 qui
603 3277 622 3310 u
634 3261 698 3312 cre'e'.
889 3261 950 3312 vtl.
965 3264 1037 3313 Anu.
1050 3259 1230 3331 Objeetiunem
1245 3259 1342 3313 refellit
1360 3280 1374 3312 s

334 3335 359 3386 3.
372 3335 510 3388 Pudentis.
525 3336 609 3390 Pubes
620 3339 687 3411 ipss,
697 3359 742 3394 sen
750 3353 810 3394 uota
858 3341 996 3395 ttamen
1004 3337 1119 3413 petitum,
1127 3339 1283 3392 ethtursm
1291 3357 1375 3391 unum

300 3413 436 3485 pubemtis
447 3432 515 3484 squo
534 3428 647 3490 tempore
663 3420 714 3489 jem
730 3419 811 3491 surgit
859 3437 889 3470 ex
899 3418 948 3470 Dei
961 3417 1109 3470 nominibus
1120 3415 1254 3469 contendit
1264 3417 1377 3471 esse-llil

299 3503 360 3544 etas
375 3503 400 3543 et
419 3491 507 3543 trsusit
521 3491 549 3544 iu
567 3493 734 3547 robustiorem
752 3515 809 3570 gre·
859 3497 928 3548 enirn
943 3498 1328 3562 rsl'errslleusne‚snustun,
1340 3517 1374 3549 sn

301 3571 439 3636 dumille
452 3570 530 3625 sdest.
859 3576 957 3648 Jupiter
973 3575 1016 3628 ille
1035 3576 1180 3650 appelletur.
1199 3576 1262 3630 llaet
1285 3576 1375 3630 omnis

334 3650 647 3716 4-111edeus.Nondies,
661 3667 685 3705 et
697 3661 813 3724 surgenti
860 3676 918 3708 eum
934 3657 1047 3729 proxime
1059 3656 1149 3726 elapsa
1165 3655 1245 3708 aetstis
1260 3655 1376 3728 disputa-

296 3731 428 3794 }'uoentoe‚
442 3749 496 3781 unu
512 3735 614 3797 urgenti
629 3731 703 3784 codd.
720 3735 811 3810 optimi
861 3734 972 3787 tionibus
988 3735 1021 3787 its
1033 3745 1178 3806 congruunt
1189 3773 1197 3798 ,
1209 3745 1237 3784 ut
1249 3753 1280 3784 es
1296 3733 1375 3786 slirui

301 3806 371 3860 dsut.
861 3833 890 3863 ex
902 3813 994 3866 uostris
1007 3811 1261 3886 pseudupbilosopbis
1274 3811 1376 3880 objectu

314 3890 359 3940 .5.
386 3883 516 3938 AEtatom
540 3888 597 3940 loeo
617 3893 743 3943 virtum
760 3891 812 3963 legi
860 3891 1005 3946 credideris.

302 3963 401 4016 mavult
410 3965 453 4018 Ju.
463 3967 747 4045 ClericusSilvpbilol.
756 3993 812 4048 pag.
898 3991 920 4040 7.
942 3969 1033 4040 Quum
1056 3969 1138 4022 Deus.
1165 3967 1239 4020 ldem
1261 3967 1308 4019 lib.
1325 3969 1374 4030 ll,

178 4111 182 4118 .
303 4041 351 4092 215
363 4041 395 4093 sd
407 4043 501 4096 calcem
511 4045 571 4098 edit.
584 4047 704 4102 Rsobin.
715 4051 812 4103 Socrui.
863 4047 957 4115 Quaest.
969 4047 1026 4098 Nat
1038 4067 1059 4100 r.
1071 4048 1105 4112 45
1117 4065 1124 4099 :
1135 4045 1204 4098 «Vis
1214 4045 1289 4097 illum
1302 4057 1376 4096 ustu-

302 4119 379 4172 blsle·
861 4145 915 4178 ram
927 4125 1096 4180 roesrelnon
1107 4125 1227 4200 peeosbis.
1235 4147 1249 4170 υ
1262 4124 1334 4177 Ptin.
1342 4125 1375 4178 Η.

334 4199 358 4254 6.
384 4201 471 4253 Insita
490 4216 552 4258 sunt
552 4245 610 4260 .......
622 4211 734 4280 ingenio.
755 4211 810 4282 lpse
862 4209 895 4260 N.
910 4227 955 4276 t,7
968 4205 1013 4260 lin.
1024 4207 1101 4284 lipsii
1110 4204 1255 4277 Pbysioll,
1268 4207 1291 4256 5.
