2976 4944
344 463 380 504 ra
634 441 702 508 DE
725 439 1110 509 PROVIDENTIA

341 593 357 630 n
381 567 543 662 colligant
563 569 667 638 robur
681 575 705 638 ¹.
727 595 744 634 n
771 565 952 664 Languent
968 594 1032 662 per
1053 571 1211 639 inertiam
1229 575 1403 666 saginata,

337 703 401 748 nec
423 681 540 750 labore
564 699 722 766 tantum,
748 683 808 752 sed
828 698 920 751 motu
933 688 959 764 ²,
983 699 1018 750 et
1035 683 1108 776 ipso
1126 687 1178 753 sui
1197 709 1301 755 onere
1321 686 1408 756 dcli-

336 799 442 866 ciunt.
465 801 540 867 Non
558 800 625 868 lert
641 801 749 869 ullum
769 802 873 869 ictum
890 800 995 868 illaesa
1013 800 1156 870 felicitas
1174 829 1182 869 ι
1198 820 1233 871 at
1247 805 1306 872 ubi
1323 807 1407 874 assi-

334 914 403 984 dua
423 917 488 984 tuit
506 942 583 986 cum
601 917 821 986 incommodis
837 919 906 986 auia
925 919 1020 1000 rixa,
1042 919 1165 988 callum
1184 945 1246 1013 per
1263 923 1407 1015 injurias

336 1031 454 1116 ducit,
484 1058 547 1102 nec
574 1035 637 1103 ulli
661 1034 748 1102 malo
773 1033 886 1120 cedit3
913 1030 974 1102 aed
996 1035 1129 1105 etiamsi
1148 1035 1331 1122 ceciderit,
1361 1039 1405 1108 de
1478 1055 1479 1064 ’

293 1165 310 1214 5
337 1173 427 1242 genu
445 1145 610 1244 pugnatl.
635 1151 771 1218 Miraris
791 1166 850 1232 tu,
871 1150 899 1218 si
918 1151 1010 1220 Deua
1033 1151 1091 1220 ille
1107 1151 1272 1224 bonorum
1289 1180 1407 1224 aman-

333 1262 504 1346 tissimus,
528 1265 588 1356 qui
604 1264 680 1332 illos
698 1289 800 1356 qnam
818 1265 961 1357 optimos
976 1289 1048 1332 eoae
1071 1282 1173 1359 atque
1192 1269 1406 1338 excellentis-

334 1382 435 1449 simos
452 1383 547 1465 vult,
568 1383 736 1451 fortunam
758 1383 844 1465 illis,
870 1407 946 1450 cum
965 1407 1032 1474 qua
1052 1385 1294 1469 exerceantur,
1320 1391 1405 1456 asai-

336 1491 435 1591 gnati
448 1499 463 1564 Ρ
476 1502 547 1591 Ego
560 1522 642 1568 vero
656 1524 724 1566 non
744 1500 864 1580 miror,
887 1500 916 1566 si
930 1499 1067 1591 quando
1085 1501 1249 1602 impetum
1263 1507 1404 1598 capiunt

333 1616 389 1682 Dii
414 1609 611 1708 spectandi⁵
639 1639 777 1709 magnos
795 1616 907 1697 viros,
938 1615 1157 1685 colluctantes
1184 1643 1261 1687 cum
1288 1621 1404 1714 aliqua

332 1729 535 1799 calamitate.
561 1731 666 1799 Nobis
688 1729 859 1798 interdum
879 1731 1043 1826 voluptati
1067 1750 1141 1813 est,
1163 1737 1191 1802 ei
1208 1735 1405 1806 adolescens

333 1845 517 1912 constantis
541 1845 645 1914 animi
673 1846 860 1913 irruentem
885 1845 991 1913 ieram
1010 1847 1177 1917 venabulo
1199 1853 1352 1944 excepit,
1375 1855 1403 1920 si

333 1959 440 2027 leonis
461 1961 634 2028 incursum
654 1961 830 2028 interritus
849 1955 1013 2052 pertulit⁶
1028 1988 1035 2027 ε
1053 1978 1214 2057 tantoque
1228 1983 1404 2060 spectacu-

370 2217 389 2249 ι.
404 2199 533 2267 Operibus
534 2237 593 2253 .......
612 2203 736 2270 eolligunt
757 2201 842 2254 robur.
891 2201 1404 2276 sumialsoputabatlaessingius‚eblley·

332 2276 382 2328 Par
387 2277 486 2331 Horatii
493 2280 619 2342 severitas,
629 2277 745 2350 alioquin
753 2298 841 2352 parum
892 2277 935 2330 nio
944 2277 1051 2332 meliora
1062 2280 1172 2332 edoctus.

332 2355 411 2407 severi
420 2391 428 2420 ,
441 2357 552 2410 canentis
559 2356 603 2409 lib.
612 2356 648 2408 llI
658 2395 665 2422 ,
677 2357 728 2409 Od.
741 2373 776 2422 11,
787 2357 841 2410 init.
924 2357 947 2420 4.
956 2355 1104 2410 Fortunam
1113 2360 1337 2426 daemonnm.
1346 2358 1403 2410 Ad-

333 2454 347 2478 «
361 2433 519 2505 Angustam,
533 2434 777 2510 emiei,pauperiem
791 2434 842 2506 pati
891 2433 1001 2486 versario
1015 2433 1072 2485 loco
1090 2453 1198 2506 nempe,
1217 2453 1293 2504 quem
1311 2434 1402 2507 impu·
1478 2483 1479 2488 ,

331 2510 458 2564 Robustus
478 2515 530 2568 acri
549 2514 640 2568 militia
656 2533 719 2588 puer
740 2511 842 2565 Condi·
892 2523 971 2582 guent
989 2509 1086 2562 viribus
1111 2511 1190 2576 totis,
1216 2531 1267 2582 quo
1293 2513 1403 2582 majores
1478 2505 1479 2520 ¹

330 2604 428 2652 metm..
442 2592 577 2663 vitamque
589 2591 635 2644 aub
649 2592 692 2644 dio
702 2604 726 2644 et
738 2589 841 2666 trepidis
891 2589 967 2641 etiam
979 2588 1056 2653 vieti,
1070 2607 1122 2640 esse
1134 2589 1275 2642 videantur.

329 2681 388 2741 agat
399 2671 430 2722 In
442 2669 524 2722 rebus.
534 2691 547 2717 rr
923 2666 1254 2737 5.Impetummpr'urrtDir'
1259 2673 1403 2736 spectandi.

359 2748 670 2822 2.Motu.Vulgatalectio,
678 2748 839 2819 eaqnenniee
890 2746 917 2798 ld
929 2757 980 2810 est,
993 2745 1131 2819 praecipites
1140 2746 1256 2812 irruunt,
1270 2761 1294 2800 et
1304 2748 1375 2818 quasi
1387 2771 1401 2801 e

329 2827 491 2898 praeferenda.
506 2826 586 2879 Bonis
603 2825 664 2878 viris
683 2825 749 2878 mala
767 2827 837 2878 Deus
885 2823 985 2876 sedibus
996 2824 1102 2886 suis‚ex
1113 2823 1225 2897 Olympo
1237 2843 1299 2892 sno,
1312 2829 1401 2879 ferun·
1478 2875 1479 2890 2

327 2915 426 2956 tentum
436 2903 538 2966 tribuit,
551 2904 642 2976 quippe
653 2902 744 2974 quibus
761 2902 837 2954 robur
886 2915 926 2954 tur
938 2903 1080 2973 spectaturi.

328 2980 401 3032 inest.
421 2980 512 3035 Coeteri
525 2983 619 3034 inertes
637 2995 662 3032 et
677 2981 768 3053 dejecti
784 3000 838 3033 non
920 2983 945 3036 a.
955 2981 989 3034 Si
997 2983 1147 3034 adolescens
1148 3019 1190 3033 .....
1198 2983 1332 3034 interritus
1338 3001 1401 3050 per-

327 3059 409 3110 solum
421 3059 507 3112 labore
518 3060 607 3132 exiguo
617 3099 625 3122 ,
639 3060 682 3111 sed
692 3079 765 3132 pareo
773 3059 837 3111 adeo
887 3062 955 3110 rutis.
970 3057 1042 3110 Nihil
1053 3057 1092 3110 his
1102 3059 1226 3131 prodigiis
1236 3096 1243 3123 ,
1255 3078 1312 3130 (μιν,
1320 3057 1399 3113 fidem

327 3137 837 3209 motudeiatigantur.AliquotMssdrrole.
887 3149 997 3189 nostram
1012 3155 1088 3209 prope
1109 3136 1232 3189 excedunt
1243 3173 1251 3199 ,
1262 3136 1328 3209 apud
1342 3139 1401 3190 Ve-

326 3213 395 3266 Malo
406 3251 413 3279 ,
424 3216 493 3285 quod
503 3235 629 3285 quemque
639 3235 716 3267 nexus
728 3227 752 3267 et
761 3215 837 3268 series
887 3229 950 3268 teres
959 3253 966 3279 ,
975 3215 1099 3288 praecipue
1110 3215 1176 3288 apud
1184 3216 1333 3280 Romanos,
1344 3217 1398 3268 lm-

326 3292 399 3344 laeile
409 3286 515 3348 docebit
529 3293 601 3346 Mole
614 3313 715 3364 quoque
728 3306 752 3345 et
765 3313 838 3347 onere
885 3303 1028 3365 peratorum
1050 3305 1182 3364 ternpore,
1207 3290 1318 3345 crebrius
1341 3292 1400 3344 fuit.

325 3373 378 3425 lere
391 3372 460 3425 idem
471 3372 565 3426 valent.
573 3372 655 3444 Igitur
661 3383 732 3426 motu
739 3371 837 3443 praetuli
886 3370 1020 3442 Legendns
1032 3369 1063 3422 de
1076 3369 1114 3422 his
1128 3370 1251 3422 Martialis
1264 3369 1337 3432 liber,
1352 3371 1397 3438 qui

220 3478 224 3488 ·
326 3456 358 3522 τῷ
369 3454 443 3503 mole.
887 3447 1094 3522 Spectaculorum
1103 3446 1264 3510 dicitur;ubi
1273 3447 1339 3498 inter
1348 3445 1399 3498 alia

359 3529 382 3580 3.
392 3528 436 3580 De
450 3547 519 3597 genu
533 3525 651 3599 μψστ(
660 3515 772 3597 illerde
784 3526 836 3579 ele·
885 3548 951 3580 nnus
962 3542 1118 3580 memoratur
1129 3525 1276 3580 adolescens
1288 3546 1397 3600 aprum,

326 3605 836 3680 quosquamoptimeNosterexplicatEp.
884 3625 971 3659 ursum
983 3643 990 3670 ,
1004 3606 1110 3679 pardum
1130 3619 1155 3657 et
1174 3605 1277 3656 leonem
1297 3603 1399 3655 intere-

326 3699 387 3737 1.th
399 3703 406 3736 ε
417 3706 430 3730 a
439 3683 492 3752 Qui
502 3684 602 3737 suaeuis
610 3682 745 3756 poplitibus
757 3684 785 3736 in
795 3703 837 3756 ge·
885 3685 968 3738 misse.
977 3685 1014 3736 lta
1023 3703 1049 3734 se
1059 3682 1134 3736 habet
1144 3681 1299 3755 epigramma
1311 3682 1363 3748 (xv
1373 3684 1398 3746 ):

326 3779 410 3813 nuase
423 3761 527 3836 excepit,
540 3781 587 3814 nee
598 3779 668 3813 arma
677 3761 796 3814 dimisit.»
806 3763 836 3813 ln
886 3784 900 3808 κ
913 3763 1020 3815 Summa
1033 3775 1100 3826 tuae,
1115 3760 1261 3832 Meleagre,
1279 3758 1328 3810 tuit
1338 3777 1398 3829 quae
1478 3829 1479 3834 1

324 3839 504 3892 certaminibus
521 3839 690 3911 gladiatorum
705 3838 754 3892 hoe
770 3857 835 3911 saepe
885 3838 967 3911 glorie
988 3839 1073 3904 lernae,
1086 3835 1215 3906 Quantula
1239 3835 1397 3909 Carpophori

325 3917 454 3986 accidisse,
465 3938 548 3988 neque
556 3939 599 3991 per
607 3939 634 3971 se
643 3919 778 3972 obscurum
789 3931 833 3981 est,
884 3918 981 3993 portio,
994 3919 1063 3970 lasus
1076 3913 1155 3990 aper?
1169 3913 1216 3966 llle
1232 3925 1257 3965 et
1274 3912 1397 3986 precipiti

325 4011 350 4049 et
360 4009 447 4053 statuar
459 3997 586 4067 hodieque
598 4009 719 4049 exstantes
734 3997 835 4063 docent,
884 3995 1008 4048 venabula
1028 3993 1143 4047 condidit
1162 4011 1238 4056 urso,
1251 3989 1354 4044 Primus
1370 3988 1397 4038 in

325 4076 439 4148 inprimis
456 4075 580 4148 gladiator
600 4074 694 4128 nobilis
710 4073 834 4146 Borghe-
885 4072 971 4125 Arctoi
984 4073 1028 4142 qui
1046 4072 1095 4124 suit
1113 4090 1169 4123 arce
1185 4068 1253 4144 poli:
1265 4066 1360 4120 Stravit
1373 4079 1398 4116 et

323 4154 428 4217 cianus,
446 4166 474 4206 ut
497 4165 606 4214 vorant,
626 4172 703 4224 quern
725 4173 738 4202 e
757 4152 834 4204 Corn.
883 4152 970 4222 ignota
998 4149 1161 4222 spectandum
1189 4144 1258 4198 mole
1273 4146 1397 4206 leonem,

326 4233 416 4306 Nepet.
429 4231 521 4286 Chabr.
532 4231 575 4288 lib.
585 4233 612 4296 l,
627 4251 679 4304 cap.
695 4251 703 4282 ι
720 4249 833 4302 ,expres
884 4229 1020 4282 llcrculeas
1028 4226 1159 4300 potuitqui
1168 4225 1280 4278 decuisse
1288 4243 1397 4286 manus,
