2976 4950
421 413 516 480 LIB.
544 415 630 500 111,
656 415 762 481 CAP.
790 415 866 483 111.
1105 419 1170 503 413

97 569 217 614 corum
236 567 303 612 non
322 545 367 611 sit
385 544 422 609 in
439 545 562 635 pretio.
591 544 784 612 Amavimus
802 543 949 636 aliquem
972 561 1006 614 et
1022 550 1173 641 suspexi-
1198 585 1213 617 ι
1285 621 1288 630 ,

97 673 195 729 mus¹
214 711 224 744 ,
247 676 282 730 et
305 656 482 726 fundatum
502 657 546 726 eb
564 656 623 726 illo
642 673 765 726 statum
781 675 935 728 nostrum
951 662 1093 754 professi
1112 687 1171 732 su-

98 801 202 861 mus,
231 775 396 869 quamdiu
417 774 515 843 nobis
540 774 721 867 placebant
744 799 786 842 ea
810 800 886 867 qum
912 780 1085 847 consecuti
1113 803 1195 850 su-.
1267 793 1268 802 ’

96 918 174 962 mus
193 918 202 961 τ
219 893 343 962 deiude
361 892 520 984 irrumpit
528 892 687 959 'animum
703 890 846 960 aliorum
861 890 1039 962 admiratio
1053 945 1062 978 ‚
1080 892 1172 963 etad

99 1033 142 1074 ea
161 1009 306 1102 impetus
326 995 432 1077 factis
453 1023 520 1093 est,
536 1007 585 1074 uti
606 1007 803 1075 mortalibus
825 1031 896 1076 mos
914 1026 965 1078 est
983 1035 1023 1077 ex
1039 1011 1171 1104 magnis

99 1126 228 1217 majora
250 1124 410 1220 cupiendi
429 1130 443 1159 ²
472 1151 480 1190 ι
507 1124 663 1216 protinus
688 1117 860 1209 excidit³‚
892 1124 1062 1218 quidquid
1091 1144 1170 1196 ante
1229 1105 1239 1113 ⁵

96 1237 192 1332 opud
209 1265 270 1308 noe
284 1239 489 1308 beneficium
510 1237 706 1307 vocabatur.
730 1241 803 1308 Nec
819 1265 860 1309 ea
877 1243 1070 1326 intuemur,
1094 1267 1170 1335 quae

98 1380 163 1423 nos
176 1357 253 1424 aliis
266 1378 482 1450 proeposucre
495 1403 504 1436 ,
522 1352 582 1421 sed
596 1377 635 1420 ee
649 1354 719 1421 soln
732 1378 808 1446 quae
823 1355 957 1424 fortuna
970 1355 1169 1450 praeceden-

99 1475 185 1541 tium
207 1489 363 1542 ostentat.
390 1475 466 1540 Nou
484 1485 722 1564 potestantem
741 1471 923 1564 quisquam
937 1489 973 1540 et
989 1475 1166 1558 invidere,
1195 1487 1212 1539 3

97 1602 134 1654 et
151 1587 276 1679 gratias
292 1609 394 1680 agere
413 1614 423 1671 3
442 1585 522 1677 quia
537 1581 691 1652 invidere
706 1631 716 1664 ,
733 1587 907 1675 querentis
925 1602 960 1654 et
973 1589 1081 1655 moeoti
1095 1605 1165 1674 est3

98 1700 227 1790 gratias
247 1723 370 1793 ogere,
396 1696 587 1791 gaudentis.
614 1695 769 1778 Deinde,
796 1699 876 1789 quio
899 1722 999 1768 nemo
1018 1717 1167 1768 nostrum

98 1817 218 1899 novit,
240 1817 307 1883 nisi
328 1814 364 1883 id
382 1833 514 1908 tempus
539 1812 630 1905 quod
657 1816 906 1903 quummaxime
933 1810 1100 1902 tmueit⁴,
1125 1817 1170 1886 ad

97 1911 270 2026 praeterito
287 1933 357 1999 rari
375 1931 526 1999 animum
543 1943 753 2018 retorquent.
775 1929 830 1997 Sic
848 1931 908 2010 fit,
930 1949 968 1999 ut
980 1949 1168 2027 praecepto-

98 2042 178 2116 res⁵
197 2071 383 2140 eorumque
400 2045 568 2115 beneficia
581 2043 789 2111 intercidant
807 2073 816 2130 3
837 2048 917 2138 quia
935 2063 1037 2118 totam
1054 2051 1171 2143 pucri-

99 2167 180 2232 tiam
199 2164 424 2256 relinquimus
451 2189 459 2226 ι
482 2161 531 2229 sic
551 2161 613 2242 fit,
631 2174 669 2226 ut
690 2159 725 2226 in
741 2158 1001 2233 adolescentiam
1021 2181 1169 2234 nostrum

97 2282 219 2350 collatu
243 2295 385 2375 pereunt
405 2309 415 2366 3
436 2279 516 2370 qnia
535 2278 608 2369 ipsa
631 2299 805 2367 nunquam
826 2295 1040 2350 retractatur.
1062 2286 1168 2351 Nemo

97 2399 192 2493 quod
210 2399 285 2485 fuit,
296 2415 456 2489 tanquam
473 2397 510 2462 in
522 2392 707 2488 praeterite,
725 2394 784 2462 sed
805 2410 965 2490 tanquam
980 2400 1017 2466 in
1035 2398 1169 2493 perdito

97 2519 196 2611 ponit
210 2538 219 2583 ε
236 2515 380 2607 ideoque
395 2512 523 2581 caduco
536 2511 699 2578 memoria
712 2527 763 2580 est
777 2512 891 2584 futuro
905 2516 1165 2586 imminentium.

136 2727 156 2759 s.
167 2707 353 2774 Suspeximns.
365 2701 490 2755 Demirati
502 2717 607 2760 sumus,
631 2711 633 2716 '
658 2719 717 2753 men
739 2700 816 2754 altera
838 2721 868 2757 es
887 2717 955 2778 parte
976 2705 1045 2759 baud
1061 2709 1167 2782 exigua,

97 2787 172 2858 qnasi
183 2783 278 2838 summi
289 2781 386 2854 ingenii
396 2779 536 2834 hominem.
659 2798 716 2851 qut
728 2794 826 2853 gratnm
837 2784 952 2836 animum
962 2785 990 2837 in
1004 2802 1169 2861 preceptores

133 2883 157 2915 α.
176 2864 238 2916 Mos
253 2870 307 2926 est,
326 2879 362 2912 ex
381 2859 487 2926 magnis
509 2860 612 2919 maiora
658 2857 755 2926 bonos,
768 2879 815 2913 nec
827 2862 889 2914 mali
901 2883 958 2915 enm
970 2877 1112 2933 merentur,
1124 2879 1170 2918 tes·

97 2943 231 3012 cupiendi.
253 2941 341 2992 llorat.
361 2939 474 2991 Carmin.
492 2933 537 2986 lib.
555 2933 611 2995 111,
658 2947 710 2988 teta
734 2949 799 2991 sunt.
814 2937 861 2991 Illa
880 2940 964 3010 itaque
980 2940 1089 3007 levitati,
1115 2941 1170 2997 bec

97 3020 152 3071 Od.
166 3033 239 3081 nutv,
252 3012 535 3087 vss.ult.:slmprobae
552 3029 614 3064 cres·
660 3015 766 3068 bonitati
780 3029 875 3073 naturte
890 3019 1029 3073 adscribam
1052 3039 1059 3075 t
1088 3041 1169 3091 neque

99 3108 163 3151 cunt
180 3095 297 3149 divitie:
317 3107 402 3146 temen
425 3093 508 3145 Curtae
527 3088 612 3141 nescio
660 3105 745 3144 tamen
758 3095 882 3167 generalis
890 3097 950 3150 inde
962 3097 1048 3170 regulo
1062 3099 1170 3153 deduca-

99 3177 163 3246 quid
175 3194 273 3248 semper
284 3171 352 3225 abest
363 3173 406 3224 rei.
421 3193 435 3218 n
659 3185 716 3237 tur,
730 3195 777 3228 nec
788 3179 932 3249 argumenti
943 3177 999 3232 loco
1009 3178 1097 3232 haberi
1107 3200 1170 3254 pos-

134 3257 150 3308 3
179 3255 299 3309 Excidit.
316 3251 405 3327 Suppl.
429 3271 457 3305 ex
476 3253 612 3304 memorio.
660 3265 727 3304 sunt.
741 3254 854 3307 Socrates
868 3255 956 3320 enim,
974 3256 1067 3323 Plato,
1082 3258 1169 3322 Zeno,

97 3335 139 3388 Sic
160 3333 253 3386 Gallie.
278 3331 385 3384 dicimus
408 3331 534 3398 ettappcr
554 3347 613 3381 cum
661 3331 801 3404 Epicurus,
816 3344 861 3384 ete.
871 3333 960 3403 quanti
970 3333 1086 3386 estimati
1095 3335 1169 3390 sinta

99 3413 178 3466 auxil.
193 3413 287 3481 ῥῆμιτι,
300 3413 371 3464 ἅτις
386 3429 454 3462 «son
468 3427 528 3460 nom
543 3405 615 3460 m’est
663 3409 791 3481 discipulis
812 3409 862 3462 suis
882 3423 986 3463 constat
1008 3413 1062 3465 Nee
1081 3415 1170 3466 nostris

99 3490 221 3564 e'cbappe.
231 3511 244 3535 n
660 3486 813 3562 temporibus
827 3488 927 3542 defuero
940 3509 987 3541 nee
1000 3489 1107 3558 desunt,
1126 3493 1171 3563 qui

135 3572 158 3636 4.
171 3570 233 3620 Nisi
237 3570 268 3620 td
275 3578 419 3635 tempus-v..
429 3569 531 3619 transit.
542 3567 614 3618 llue·
662 3567 725 3640 grati
732 3566 759 3617 in
766 3579 929 3638 preceptores
934 3567 1172 3622 animidocumenta

101 3661 142 3700 tus
152 3645 265 3716 margini
278 3644 443 3722 adscripscrat
458 3642 522 3696 bene
536 3643 614 3696 :ins-
663 3643 788 3698 ediderint
799 3645 912 3698 edantve.
922 3647 1017 3700 Nonne
1030 3647 1081 3700 bue
1092 3647 1173 3718 perti-

102 3738 158 3776 tans
171 3737 196 3777 et
207 3725 327 3776 sutricum·
661 3734 723 3775 nent
734 3742 834 3794 quoque
847 3721 996 3776 donationes
1011 3723 1172 3799 quampluri-

136 3807 159 3856 5.
171 3801 215 3854 Sic
216 3803 268 3872 fit,
280 3809 554 3869 utprnceptores,etc.
566 3799 612 3850 tte·
663 3819 732 3864 mm,
755 3801 845 3872 quibus
874 3801 986 3854 instituta
1010 3803 1172 3874 paedagogica

102 3882 164 3954 petit
176 3879 230 3933 baec
243 3880 338 3930 Seneca
350 3878 381 3931 de
395 3877 481 3930 Bencl.
492 3877 542 3928 vll
552 3914 559 3940 ,
570 3877 611 3940 ιδ,
663 3877 779 3950 inprimis
793 3897 806 3929 a
820 3878 956 3950 majoribus
973 3892 1033 3932 sunt
1045 3895 1133 3932 ornata
1149 3895 1173 3934 et

103 3981 125 4010 α.
135 3958 163 4010 Si
171 3957 350 4031 experientiam
359 3955 524 4018 consulueris,
533 3951 613 4006 multa
665 3953 784 4006 condita?
797 3956 893 4008 Seneca
905 3968 988 4007 tamen
1000 3956 1032 4008 ad
1045 3970 1173 4029 corruptos

103 4033 255 4088 hauddubie
264 4033 376 4107 exempla
383 4046 518 4086 occurrunt
524 4051 611 4106 pamm
662 4033 702 4088 sui
713 4031 760 4083 aevi
772 4051 854 4084 mores
862 4072 869 4099 ,
878 4045 902 4083 et
908 4033 942 4085 ad
956 4031 1086 4085 alumnum
1098 4054 1173 4086 suum

102 4113 235 4184 jucunda,
259 4131 316 4182 qum
330 4111 459 4164 veritatem
473 4110 548 4180 buius
562 4111 615 4163 ob-
665 4111 795 4163 Neronem
808 4111 939 4184 respexisse
949 4109 1098 4164 videncet.
1108 4112 1174 4165 inira

102 4189 253 4244 servationis
266 4189 354 4242 docere
368 4188 485 4242 videntur
498 4201 571 4240 :sunt
580 4200 618 4240 ta·
669 4209 689 4240 c.
705 4207 749 4251 17,
763 4187 777 4238 3
790 4207 796 4252 3
811 4189 865 4252 Vl,
879 4191 923 4248 15,
938 4209 957 4238 ι.
