2976 4944
274 403 319 470 38
577 401 645 469 DE
669 403 1051 472 PROVlDENTlA

271 531 413 600 bitrinm
439 555 539 600 suum
557 533 714 618 ostendi,
740 535 853 602 nitent
877 551 912 602 et
935 535 1142 627 imponunt:
1164 556 1270 623 quum
1288 530 1348 598 ali-

271 649 357 742 quid
373 649 514 732 incidit,
534 650 629 743 quod
645 651 814 720 disturbet
830 676 872 720 ac
893 652 1053 746 detegat,
1075 667 1157 720 ωηο
1179 663 1342 742 apparet,

269 782 436 858 quantum
451 768 528 836 altae
541 791 582 835 ac
593 792 684 836 verm
701 768 861 837 loeditatis
873 770 1006 838 alienus
1023 767 1185 862 splendor
1204 766 1345 836 abscon-

268 879 371 950 derit.
395 883 500 950 Vobis
520 882 601 951 dedi
625 885 716 954 bona
735 903 848 968 certa,
877 912 1035 956 mansura
1055 915 1063 954 ;
1087 901 1215 979 quanto
1235 886 1344 978 magis

266 1001 508 1080 versaveritis,
538 1014 574 1066 et
601 999 755 1093 undique
777 1003 1012 1096 inspexeritis,
1033 1003 1175 1072 melium
1193 1002 1341 1094 majora-

265 1139 347 1205 que.
369 1117 513 1186 Permisi
529 1117 630 1186 vobis
648 1118 830 1188 metuenda
844 1124 852 1153 ¹
868 1133 1120 1200 contemnere,
1137 1117 1342 1212 cupiditates

265 1230 417 1301 fastidire
436 1257 525 1302 :non
544 1233 682 1327 fulgetis
707 1238 941 1306 extrinsecus²
962 1265 969 1302 :
990 1237 1080 1304 bona
1093 1243 1205 1304 resim
1218 1237 1342 1305 intror-

262 1373 321 1418 sus
346 1349 489 1418 obversa
515 1367 596 1419 sunt
609 1345 636 1418 ³.
664 1353 721 1420 sic
750 1353 897 1420 mundus
922 1355 1090 1422 exteriora
1113 1355 1337 1445 contempsit,

261 1470 455 1564 spectaculo
482 1469 536 1538 sui
563 1464 698 1537 laetus⁴.
731 1471 827 1536 Intus
852 1495 951 1538 omne
971 1472 1069 1564 posui
1089 1469 1217 1538 bonurn
1239 1495 1248 1536 z
1269 1493 1339 1538 non

219 1607 235 1656 s
261 1610 365 1680 egere
380 1586 541 1654 felicitate
556 1635 565 1668 ,
588 1586 731 1654 felicitas
750 1603 862 1655 vestm
879 1604 943 1655 est.
967 1616 985 1651 s
999 1589 1045 1654 At
1061 1587 1167 1656 multa
1182 1585 1340 1656 incidunt

260 1773 305 1826 lib.
316 1775 364 1836 w,
378 1793 432 1848 esp.
449 1774 493 1836 13,
505 1773 596 1840 pub.
611 1773 670 1825 edit.
681 1773 774 1826 sehet.
823 1773 883 1826 l'elix
895 1787 938 1826 aut
948 1795 1042 1848 prave,
1059 1775 1213 1846 adversaque
1232 1789 1275 1830 eut
1295 1798 1338 1830 se-

295 1851 772 1922 1.Mesaendattinusaecurstestqus
821 1851 906 1904 eunde
919 1852 1047 1905 valetudo.
1059 1853 1116 1906 Hoc
1127 1853 1204 1906 modo
1214 1875 1284 1908 nune
1294 1876 1337 1908 ac-

259 1945 342 1984 enete
355 1931 454 1984 videtur
466 1928 516 1981 bor
530 1929 588 1982 loeo
603 1932 714 1980 Annaens
727 1928 772 1982 lo-
821 1931 873 2005 eipi
888 1930 963 1984 debet
975 1935 1001 1984 rb
1017 1937 1194 1998 extrinsecus,
1213 1947 1238 1986 et
1247 1955 1335 1988 sensus

259 2008 390 2078 quiquam
403 2007 604 2078 solemnemque
618 2005 650 2058 de
663 2007 694 2058 iis
706 2020 773 2078 petet
822 2011 940 2062 est2Non
954 2011 1008 2064 bae
1020 2011 1093 2063 vobis
1105 2023 1253 2064 ornamenta
1263 2027 1334 2076 sunt,

258 2107 538 2159 essesermonem,qnse
551 2087 673 2160 imperita
684 2086 771 2140 multi·
820 2102 920 2142 tsntnm
940 2111 998 2161 quae
1016 2111 1031 2142 a
1044 2091 1120 2145 rebus
1133 2105 1200 2144 extre
1216 2093 1333 2146 animum

257 2166 343 2220 tudini
355 2165 434 2240 vulgo
445 2179 542 2218 metum
554 2165 698 2228 incutiunt,
710 2186 773 2236 qut-

258 2245 292 2297 lis
305 2257 365 2297 sunt
379 2259 491 2318 egestas,
509 2264 608 2310 career,
624 2243 770 2310 servitude,

259 2324 372 2378 deforme
391 2345 499 2397 corpus,
516 2323 627 2376 sdverste
642 2323 771 2375 valetudi-

257 2423 314 2470 nes,
323 2415 367 2456 sut
376 2403 429 2477 ipse
440 2423 508 2454 mors
517 2423 524 2466 ς
536 2421 593 2472 qute
602 2415 688 2454 tamen
694 2401 771 2453 mini-

256 2503 298 2536 me
315 2483 379 2535 dicit
397 2481 587 2534 relormidenda
617 2479 769 2554 sapientium

257 2561 404 2634 disciplinas
414 2574 488 2630 atque
498 2559 591 2612 mentis
600 2559 720 2612 humente
731 2559 771 2610 di-

257 2637 380 2708 gnitatem
392 2637 471 2689 stoico
485 2636 592 2710 ingenio
605 2636 770 2709 amplexanti·

258 2714 313 2766 bus.
327 2715 499 2767 Scribendum
511 2714 589 2788 igitur
600 2712 690 2765 melius
704 2713 770 2764 loret

256 2795 396 2845 metuenda
424 2794 503 2862 vulgo
525 2806 568 2844 ent
597 2791 770 2860 reserrnidnta

254 2871 394 2940 plerisque.
405 2869 531 2924 Ceterum
543 2869 686 2944 oppositum
696 2868 722 2920 id
732 2869 770 2922 in·

257 2947 310 2999 ciso
328 2947 398 3020 quod
411 2968 470 3000 mox
480 2948 602 3018 sequitur,
614 2949 770 3016 aspiditates

247 3029 395 3099 fizstr'dr're,
409 3027 481 3100 qussi
493 3027 618 3080 diceretur
631 3048 638 3078 ε
649 3025 697 3078 llls
709 3046 769 3078 con-

257 3120 355 3159 temnas
365 3107 425 3159 licet
434 3125 490 3178 quse
502 3105 594 3179 vulgus
608 3117 682 3177 pavet
694 3123 769 3174 ,quse

256 3188 349 3262 vulgus
361 3188 461 3262 expetit.

291 3289 314 3320 ι.
329 3271 389 3322 Non
396 3269 505 3338 fulgetis
515 3269 686 3320 extrinsecus.
696 3261 768 3330 Quid

257 3345 293 3398 ibi
321 3347 424 3420 praecise
453 3344 570 3418 designat
598 3345 767 3396 extrinsecus.

256 3424 453 3480 Graetiesntibus
464 3423 519 3475 lraec
533 3423 670 3490 μιῖάφρασις
689 3434 767 3472 esset:

257 3505 357 3558 «silisis
366 3512 422 3568 γοῦν
434 3505 460 3554 οὗ
472 3511 521 3562 τοῖς
531 3501 582 3561 ἔξω.
593 3501 673 3551 Porro
685 3502 714 3551 eir
724 3501 768 3559 ἔξω

255 3581 325 3636 idem
341 3581 448 3633 omnino
462 3591 498 3632 est
510 3577 580 3648 quod
592 3576 684 3650 gallice
697 3577 768 3629 Γεω-

819 2166 874 2219 sitis
886 2167 1087 2242 proficiscuntur.

853 2245 877 2296 3.
889 2245 1079 2298 Obversasrmt.
1086 2248 1150 2320 Apte
1157 2245 1257 2299 selecta.
1265 2247 1333 2298 Nem

819 2323 946 2376 obvertere
969 2326 1018 2391 (ea
1038 2326 1067 2377 in
1089 2326 1272 2399 compositione
1293 2325 1334 2377 vis

819 2400 885 2452 inest
896 2401 1026 2474 particule
1034 2403 1067 2454 ob
1076 2404 1085 2468 )
1095 2403 1168 2456 estin
1180 2403 1333 2457 contrariam

819 2491 915 2550 partem
920 2493 1015 2532 vertere
1023 2500 1100 2551 quam
1110 2479 1165 2532 lieri
1170 2481 1282 2534 soletaut
1289 2501 1334 2552 per

819 2568 863 2607 est.
876 2559 957 2610 Porro
970 2577 1029 2629 quse
1039 2571 1188 2610 ornamenta
1199 2559 1230 2611 ab
1241 2559 1334 2612 intime

817 2647 903 2686 mente
914 2649 989 2700 sunt,
1003 2656 1033 2688 ee
1044 2657 1098 2689 non
1110 2637 1138 2690 in
1150 2635 1199 2690 bsc
1209 2649 1278 2711 perte
1290 2657 1334 2690 re-

818 2732 876 2764 rnm
895 2727 1002 2766 manent
1023 2735 1074 2786 qux
1091 2714 1205 2788 plerique
1227 2715 1334 2789 cupiunt

819 2802 968 2864 eutputent.

852 2870 876 2934 4,
889 2868 1009 2922 Mundus
1019 2871 1168 2924 exteriora..
1170 2907 1229 2922 ......
1246 2873 1332 2924 latus.

817 2941 914 2997 Notum
922 2958 959 2998 est
965 2947 1028 3000 olim
1035 2948 1149 3000 animem
1155 2948 1253 3001 mundo
1263 2952 1273 3015 (
1282 2948 1332 3002 boe

819 3037 873 3088 est,
892 3025 1009 3078 omnium
1026 3047 1112 3080 rerum
1131 3027 1268 3082 celestium
1280 3042 1331 3082 ter-

818 3103 1198 3178 restriumqueconglobationi)
1210 3107 1331 3160 tributsm

818 3199 870 3232 esse
884 3182 1120 3236 aVeteribus.Vide
1129 3183 1243 3238 Platonis
1261 3186 1329 3238 cele-

817 3257 956 3313 berrimum
983 3261 1086 3334 Dialog.
1108 3265 1225 3329 Τίμαιον,
1248 3263 1331 3316 Cicer.

818 3356 880 3406 pass.
890 3337 970 3410 Diog.
986 3339 1067 3390 Laert.
1084 3340 1143 3407 Qna
1155 3339 1197 3392 bic
1209 3360 1330 3412 qnoque,

818 3433 964 3487 quenquam
981 3415 1066 3468 minus
1082 3436 1210 3489 expresse,
1228 3417 1263 3470 ait
1282 3419 1331 3470 Se-

817 3513 880 3545 neca
894 3493 1028 3567 prteditnm
1041 3515 1093 3547 esse
1107 3495 1330 3566 universumqqui

817 3571 952 3646 suiipsius
974 3574 1157 3648 contempletur
1179 3588 1329 3648 perpetuus,

255 3671 324 3712 terrie
339 3658 381 3712 vel
398 3661 422 3712 le
439 3677 491 3710 non
511 3662 579 3722 moi,
593 3675 643 3707 vox
662 3655 767 3726 quidem
817 3651 885 3704 nibil
902 3666 1032 3708 externum
1051 3654 1243 3728 contempletur.
1258 3653 1330 3709 Prte-

255 3736 392 3811 multiplici
401 3734 627 3804 sensnidcircoque
635 3733 766 3806 embigno,
817 3743 884 3784 teree
896 3731 940 3785 ille
952 3734 1071 3806 perfecti(
1078 3743 1119 3786 τοῦ
1128 3737 1218 3787 erlrleo
1226 3740 1246 3800 l,
1260 3735 1331 3804 quod

254 3815 299 3868 sed
311 3815 352 3867 tui
367 3834 396 3867 ex
408 3811 629 3867 circumstantibus
640 3812 682 3866 lux
694 3813 768 3865 addi·
816 3810 921 3881 quidem
932 3832 986 3864 non
998 3833 1050 3866 esse
1068 3833 1122 3866 non
1138 3827 1231 3887 potest,
1248 3835 1329 3885 quum

253 3909 310 3958 tur;
324 3895 393 3946 itaut
402 3913 589 3964 nonnunquam
600 3913 628 3945 ea
640 3889 767 3964 significet
816 3901 882 3942 extre
899 3892 927 3942 eb
940 3901 987 3944 πᾶν
1002 3891 1069 3944 nihil
1084 3892 1132 3957 sit,
1152 3893 1202 3946 nisi
1219 3912 1329 3946 vacuum

253 3993 310 4044 quse
321 3985 387 4026 extra
397 3991 487 4045 corpus
498 3970 641 4023 humanum
650 3970 696 4022 sits
708 3991 766 4044 pos-
814 3981 889 4039 atque
900 3965 1032 4022 infinitum
1042 4009 1049 4036 ,
1060 3983 1150 4022 nature
1159 3983 1210 4034 est,
1219 3983 1247 4022 ut
1256 3971 1328 4042 qnid·

249 4051 409 4117 sidentur,nt
416 4049 521 4114 divitie,
530 4062 574 4102 sut
584 4047 707 4112 bonores,
718 4050 764 4102 fre·
813 4045 874 4115 quid
881 4045 1019 4098 estbonnm
1027 4046 1086 4100 inse
1094 4047 1237 4114 continens,
1243 4068 1327 4118 neque

251 4132 369 4202 quentius
379 4143 464 4182 tamen
475 4127 529 4182 brec
539 4128 613 4181 etiem
626 4145 683 4197 qua
695 4139 763 4180 extre
811 4123 932 4196 indigens
940 4137 1098 4179 externarum
1108 4145 1193 4180 rerum
1203 4166 1210 4189 ,
1219 4126 1328 4180 siblsuf·

252 4223 381 4274 mentem,
400 4221 429 4261 nt
441 4207 491 4262 oris
504 4205 665 4279 corporisque
676 4206 759 4258 sermo
811 4202 878 4256 ticin
887 4239 895 4267 ,
903 4224 916 4256 e
924 4223 1011 4278 senon
1019 4217 1088 4258 exeat
1097 4218 1119 4258 et
1127 4205 1154 4258 in
1162 4205 1203 4259 sui
1211 4215 1325 4274 centem7
