2976 4944
282 433 325 522 to
382 507 387 528 ,
578 433 645 501 nn
668 433 1053 534 rnovrnenrrn

281 565 419 658 fugere¹
434 593 444 651 3
463 563 614 657 ideoque
628 589 669 633 ex
683 564 840 633 omnibus
855 564 979 647 rebus,
997 587 1081 656 quas
1096 588 1169 632 esse
1181 563 1278 632 vobis
1290 583 1355 628 ne-

280 681 443 750 cessarias
460 681 573 763 volui,
595 680 683 748 nihil
702 681 766 748 feci
782 681 914 751 facilius
927 706 1029 773 quam
1044 683 1141 750 mori.
1157 685 1269 751 Prono
1279 679 1355 748 ani·-

280 822 368 868 mam
379 798 452 866 loco
464 799 561 890 posui
572 803 604 864 ²:
622 797 770 866 trahitur
783 849 790 865 .
802 797 977 866 Attendite
989 797 1108 880 modo,
1123 796 1350 875 studebitis,

280 939 381 1008 quam
396 915 511 984 brevis
525 913 570 982 ad
582 914 774 983 libertatem
786 905 813 997 ³,
830 928 865 981 et
879 939 981 1007 quam
995 913 1152 1008 expedita
1165 913 1267 982 ducat
1279 913 1349 981 via.

279 1032 357 1098 Non
374 1043 440 1098 tam
463 1029 580 1122 longas
599 1030 636 1096 in
652 1030 744 1098 exitu
763 1029 881 1111 vobis,
903 1053 1005 1121 quam
1023 1027 1229 1096 intrantibus
1240 1021 1268 1108 ⁴,
1286 1049 1355 1092 mo·

280 1169 336 1213 ras
359 1147 457 1238 posui
484 1171 492 1211 t
515 1145 646 1236 alioqui
666 1168 827 1238 magnum
845 1146 882 1214 in
901 1169 959 1212 vos
979 1169 1122 1238 regnum
1148 1144 1283 1212 fortuna
1304 1158 1354 1209 te-

280 1263 430 1346 nuisset,
459 1263 487 1330 si
504 1263 605 1330 homo
627 1277 694 1328 tam
713 1260 809 1330 tarde
832 1278 1041 1345 moreretur,
1067 1286 1168 1354 quam
1186 1262 1350 1329 nascitur.

241 1402 255 1449 t
281 1381 391 1450 Omne
412 1395 566 1473 tempus,
589 1380 699 1448 omnis
715 1403 773 1448 vos
796 1379 890 1448 locus
907 1378 1048 1462 doceat,
1071 1403 1173 1472 quam
1193 1377 1291 1446 facile
1311 1377 1355 1444 sit

280 1498 479 1566 renuntiare
498 1511 628 1566 naturae
640 1490 666 1580 ⁵,
682 1512 716 1564 et
729 1521 852 1566 munus
866 1522 964 1565 suum
975 1497 1025 1564 illi
1039 1497 1242 1590 impingere.
1260 1497 1355 1563 inter

280 1617 353 1708 ipsa
371 1615 491 1682 altaria
513 1628 548 1680 et
566 1613 733 1682 solemnes
752 1615 1016 1682 sacrificantium
1035 1615 1144 1696 ritus,
1161 1613 1241 1680 dum
1256 1629 1355 1706 opta·

281 1747 337 1798 tur
354 1724 459 1812 vita⁶‚
488 1744 629 1796 mortem
650 1727 847 1798 condiscite.
873 1732 1023 1824 Corpora
1046 1731 1158 1824 opima
1179 1745 1353 1796 taurorum

280 1847 403 1940 exiguo
421 1843 605 1912 concidunt
617 1846 779 1930 vulnere,
799 1860 834 1913 et
846 1870 1046 1939 magnarum
1059 1847 1182 1912 virium
1196 1845 1354 1912 animalia

280 1959 437 2027 humanae
458 1982 578 2026 manus
595 1956 682 2026 ictus
700 1959 866 2051 impellit3
892 1961 986 2028 tenui
1005 1959 1095 2027 ferro
1116 1961 1355 2026 ²commissura

281 2079 423 2146 cervicis
446 2077 662 2169 abrumpitur
688 2104 695 2142 :
721 2093 756 2144 et
772 2102 878 2170 quum
894 2078 1058 2147 articulus
1075 2078 1154 2159 ille,
1176 2079 1236 2170 qui
1253 2095 1356 2171 caput

283 2193 476 2286 collumque
494 2195 686 2276 connectit,
709 2195 836 2262 incisus
854 2209 927 2276 est,
956 2211 1048 2262 tanta
1064 2195 1121 2262 illa
1137 2189 1265 2262 molos⁸
1280 2219 1356 2262 cor-

242 2318 259 2370 8
284 2311 365 2377 ruit.
387 2312 463 2377 Non
482 2310 518 2378 in
533 2308 600 2378 alto
615 2310 697 2379 latet
718 2310 895 2404 spiritus⁹,
913 2334 977 2379 neo
991 2313 1109 2402 utique
1131 2311 1221 2378 ferro
1235 2335 1355 2378 eruen-

318 2505 746 2581 1.Pugnore....sqqere.l’ugnalst
756 2509 794 2560 vi·
842 2522 870 2561 ut
884 2509 1022 2581 plurimum
1038 2531 1053 2563 a
1067 2511 1123 2564 Diis
1136 2525 1161 2564 et
1175 2515 1278 2565 fortuna
1293 2525 1355 2566 tune

281 2606 341 2638 vere
355 2607 361 2648 ;
373 2606 433 2658 ergo
443 2587 504 2657 fuga
515 2606 603 2638 necem
612 2586 661 2638 sibi
672 2585 793 2639 conscire.
842 2588 947 2662 longam
957 2589 1036 2642 vitam
1047 2610 1185 2662 precamur.

309 2663 552 2733 sAnirnnmposur',
562 2665 687 2738 lapsuram
695 2678 792 2738 sponte,
877 2688 899 2737 7.
921 2669 1109 2721 Commissum.
1127 2666 1282 2720 Substantia.
1300 2687 1353 2719 non

282 2743 331 2796 nisi
354 2743 496 2796 identidem
520 2743 641 2796 trahatur.
665 2746 722 2796 Hoc
747 2741 790 2806 lit,
842 2746 911 2799 verb.
928 2746 1100 2820 participari.
1117 2749 1164 2800 fut.
1181 2759 1206 2799 et
1222 2745 1354 2796 vinculum

282 2841 362 2892 quum
374 2821 566 2893 reciprocamus.
576 2821 694 2875 Acumen
705 2821 733 2874 in
744 2821 793 2874 hoc
842 2820 892 2876 hoc
903 2823 1035 2897 physicum
1049 2824 1165 2896 designat
1175 2842 1226 2894 quo
1241 2821 1354 2892 conjun-

282 2899 339 2951 loeo
350 2898 424 2950 facile
434 2898 569 2968 intelliges.
582 2899 708 2952 Ceterum
719 2901 749 2953 cf.
762 2899 794 2952 de
844 2900 912 2973 gitur
926 2913 967 2952 eut
978 2901 1076 2974 corpori
1089 2901 1187 2972 reliquo
1200 2901 1298 2960 cervix,
1312 2914 1356 2952 aut

282 2981 339 3044 lra,
352 2977 396 3029 lib.
409 2977 465 3041 lli,
479 2997 532 3050 cap.
545 2981 582 3031 15.
844 2989 932 3030 trunco
944 2998 1024 3030 unum
1036 2999 1064 3030 er
1075 2981 1174 3048 ἄρθροις.
1190 2983 1356 3032 Commium

317 3057 396 3108 &Aa
402 3057 556 3108 libertatem.
565 3055 631 3106 Nan·
640 3053 752 3106 liberille
760 3069 796 3107 est
845 3057 914 3108 euim
926 3071 962 3108 est
971 3077 1036 3126 saepe
1050 3057 1085 3109 ita
1096 3077 1133 3110 res
1144 3057 1205 3109 duas
1215 3097 1221 3120 ,
1232 3057 1301 3128 quod
1315 3075 1356 3108 se-

284 3133 328 3205 qui
338 3132 520 3186 moriturvid.
530 3133 562 3185 de
575 3132 624 3194 lra,
635 3130 680 3187 lib·
691 3132 795 3196 ltl‚15.
844 3133 947 3206 quentia
971 3135 1097 3208 probant,
1123 3135 1300 3207 conjungere,
1328 3147 1357 3185 ut

285 3213 374 3265 Senee.
390 3213 467 3283 Trag.
484 3211 543 3263 satis
559 3211 648 3263 similis
666 3209 694 3261 in
712 3210 796 3284 dithy-
845 3213 986 3266 coalescant
996 3214 1023 3266 in
1036 3235 1124 3266 unurn.
1135 3213 1225 3265 Gallie.
1237 3216 1357 3265 commis·

284 3291 398 3344 rambico
416 3291 515 3353 choro,
538 3289 594 3341 init.
612 3290 698 3341 «Heu
720 3309 798 3359 quam
846 3311 910 3343 suro
923 3304 961 3343 est
972 3295 995 3344 le
1005 3297 1077 3356 joint.
1184 3347 1188 3355 .

286 3370 360 3422 dulce
381 3369 479 3422 malurn
495 3367 644 3420 mortalibus
661 3367 795 3432 additum,
878 3370 902 3420 8.
917 3369 1004 3420 Tanta
1016 3373 1065 3422 illo
1072 3374 1160 3422 moles.
1170 3369 1355 3440 Bos,juvenca,

286 3451 353 3501 Vitae
364 3449 434 3500 dirus
445 3446 531 3500 arnor!
544 3467 623 3516 quum
634 3458 714 3518 pateat
725 3445 798 3498 malis
846 3460 889 3500 aut
901 3462 986 3500 taurus
997 3448 1069 3499 altari
1083 3447 1207 3500 admotus.

287 3525 442 3598 Effugiurn,
464 3537 489 3577 et
510 3523 613 3575 miseros
628 3523 712 3574 ‘libera
731 3543 797 3574 mors
879 3551 903 3602 9.
913 3527 1103 3596 spiritualim
1113 3527 1212 3588 anima,
1224 3545 1276 3576 non
1287 3523 1357 3594 quod

217 3663 220 3672 ¹
286 3618 359 3658 vocet
368 3607 459 3658 Portus
467 3616 559 3655 osterna
567 3600 680 3676 placidus
690 3602 796 3672 quiete.»
848 3607 999 3658 recentiores
1019 3625 1065 3656 nos
1086 3617 1109 3655 et
1127 3603 1255 3656 christiani
1269 3603 1357 3676 populi

320 3685 343 3748 4.
366 3682 540 3734 Intrantibus·
555 3683 585 3732 ln
599 3680 697 3744 lucem,
713 3680 739 3730 in
757 3679 797 3730 vl·
847 3683 963 3757 spiritum
979 3683 1078 3756 proprie
1096 3681 1218 3744 dicimus,
1237 3680 1281 3732 sed
1298 3681 1359 3733 ritae

287 3772 354 3822 tarn,
370 3760 419 3812 hoc
432 3772 484 3823 est,
499 3756 667 3811 nascentibus.
847 3761 1000 3834 principium
1013 3775 1038 3814 et
1048 3763 1105 3812 fons
1118 3799 1124 3822 ,
1135 3757 1261 3811 siveillud
1274 3757 1305 3809 sit
1314 3757 1360 3808 ila-

322 3842 345 3892 5.
368 3837 529 3890 Renuntr'trre
543 3846 653 3888 naturae.
673 3835 729 3887 Hoc
744 3848 796 3900 est,
847 3847 906 3892 n'ren
930 3859 945 3890 a
969 3841 1024 3891 Deo
1047 3841 1206 3911 profectum,
1228 3851 1271 3890 aut
1292 3836 1359 3908 ignis¹

288 3919 366 3969 ictum
381 3917 462 3969 foedus
477 3936 535 3968 turn
555 3929 645 3968 natura
662 3918 795 3987 frangere,
848 3918 948 3970 atherei
971 3918 1051 3988 portio
1069 3916 1248 3978 subtilissima,
1267 3929 1310 3966 aut
1329 3937 1359 3967 ex

288 3997 455 4066 amicitiaeque
477 3995 601 4047 oblivisci.
620 3993 722 4066 Optime
744 3994 797 4066 gal·
847 3995 962 4049 omnium
971 3995 1077 4068 partium
1087 3993 1213 4067 aptissima
1223 4013 1360 4065 coagmen-

287 4075 350 4128 licus
363 4075 483 4147 interpres
496 4091 502 4124 z
519 4095 532 4119 o
542 4072 668 4124 Combien
681 4071 700 4122 il
711 4083 747 4124 est
759 4073 798 4123 fa·
847 4073 942 4126 tatione
956 4087 1073 4124 constans
1083 4074 1189 4142 ἁρμονία.
1200 4097 1235 4109 -
1254 4071 1290 4122 In
1302 4073 1359 4122 alto

288 4155 335 4210 cile
347 4155 378 4206 de
390 4173 492 4223 mmpre
503 4175 563 4207 avec
573 4153 597 4206 la
610 4167 704 4206 nature.
717 4175 730 4198 u
847 4171 907 4205 vero
919 4165 955 4204 est
966 4153 994 4204 in
1005 4150 1173 4204 remotissima
1186 4161 1209 4202 et
1220 4149 1358 4209 secretissi-

321 4235 343 4286 fi.
367 4235 439 4287 Dum
454 4245 560 4305 optatur
574 4238 638 4286 vito.
660 4234 795 4306 Namque,
848 4252 888 4284 ma
901 4231 1011 4304 corporis
1021 4243 1103 4303 parte,
1115 4229 1140 4280 in
1153 4227 1357 4303 profundissimis
