2966 4948
449 465 626 538 CAPUT
670 463 851 538 XXXII.
1121 475 1185 539 225

157 595 317 669 xxxtt.
341 595 484 666 Abstine
503 579 634 666 ah'hoc
652 621 771 668 manus
786 602 895 682 tum',
915 593 1061 687 iisrtuna,
1075 601 1189 670 necin

111 715 182 783 isto
191 715 378 810 potentium
389 730 494 797 tuam,
506 715 573 784 nisi
583 739 624 784 ea
634 731 732 809 parte
743 738 812 807 qua
824 713 961 809 prodes,
978 713 1187 804 ostenderis,

111 848 235 925 patere
249 831 345 900 iilum
358 831 476 925 generi
491 831 639 900 humano
647 832 719 925 jem
735 831 797 900 diu
815 853 907 924 aegro
923 849 957 901 et
974 833 1095 902 affecto
1112 855 1188 902 me·
1278 819 1281 826 ⁴

112 943 191 1015 deri
210 973 218 1013 :
235 964 372 1042 patere,
393 945 563 1040 quidquid
581 949 734 1043 prioris²
754 947 923 1042 principis
940 949 1036 1017 furor
1048 971 1190 1017 concus-

113 1063 171 1146 sit,
200 1064 238 1132 in
259 1063 372 1133 locum
393 1087 491 1133 suum
513 1065 694 1133 restituere
715 1086 756 1133 eo
774 1087 957 1157 reponere.
981 1065 1083 1134 Sidus
1100 1065 1186 1145 hoc,

112 1177 210 1268 quod
224 1179 436 1272 precipitato
454 1180 490 1248 in
505 1178 738 1274 profundum,
758 1203 799 1248 ao
813 1177 967 1248 demerso
979 1182 1016 1248 in
1031 1179 1190 1250 tenebras

112 1293 193 1362 orbi
217 1287 407 1379 reinisit³,
434 1319 569 1392 semper
581 1296 705 1366 luceat.
722 1295 787 1364 Hic
799 1289 1036 1365 Germaniam⁴
1064 1312 1186 1390 pacet,
1215 1324 1230 1357 s

111 1411 327 1478 Britanniam
342 1403 507 1504 speriat⁵‚
528 1425 564 1479 et
579 1411 707 1504 petrios
724 1409 915 1502 triumphos
934 1408 1048 1494 ducet,
1070 1427 1106 1479 et
1124 1433 1188 1480 no·

110 1521 211 1596 vos⁶:
224 1550 368 1619 quorum
382 1552 436 1596 me
449 1551 586 1621 quoque
602 1542 825 1621 spectatorem
840 1527 1010 1612 futurum,
1023 1551 1100 1620 ques
1116 1528 1189 1622 pri-

111 1667 210 1711 mum
227 1642 359 1712 obtinet
371 1642 482 1712 locum
494 1666 536 1711 ex
549 1641 731 1712 virtutibus
745 1643 838 1736 ejus,
856 1643 1024 1737 promittit
1039 1642 1189 1713 clemen·

111 1762 177 1828 tin⁷
194 1787 206 1846 ς
229 1783 296 1829 nee
307 1761 398 1830 enim
411 1761 461 1830 sic
474 1783 527 1829 me
540 1759 688 1855 dejecit,
704 1775 743 1828 ut
755 1758 862 1828 nollet
880 1750 1040 1853 erigere⁸
1058 1787 1068 1845 3
1085 1761 1188 1829 immo
1220 1763 1222 1768 ’

112 1900 159 1945 ne
176 1875 304 1968 dejecit
319 1873 478 1968 quidem,
495 1873 557 1944 sed
572 1875 754 1969 impulsum
771 1898 791 1942 a
813 1875 949 1944 fortuna
962 1891 998 1944 et
1011 1873 1189 1945 cadentem

110 1993 300 2076 sustinuit,
326 2007 361 2062 et
378 1994 413 2064 in
432 2001 585 2088 p'raeeeps
613 2008 749 2062 euntem
775 1991 901 2062 leniter
924 1991 1048 2062 divinae
1071 2019 1189 2063 munus

113 2134 199 2179 usus
212 2107 469 2180 moderatione⁹
484 2108 653 2203 deposuit.
664 2109 875 2205 Depreostus
886 2113 917 2153 ¹⁰
927 2127 979 2180 est
988 2134 1051 2205 pro
1070 2136 1123 2182 me
1132 2137 1189 2182 se-

149 2326 265 2382 ΧΧΧΠ.
280 2329 352 2382 Ans·
365 2325 455 2399 Pergit
468 2325 496 2379 in
507 2325 628 2381 laudibus
711 2325 735 2379 5.
752 2323 925 2378 Britanniam
938 2329 1051 2394 apen'at.
1065 2325 1191 2380 Nondum

112 2417 141 2457 et
156 2405 225 2458 rotis
238 2403 433 2480 pronuntisndis
445 2423 491 2479 pro
503 2403 628 2459 Claudio:
677 2420 739 2474 ergo
762 2401 872 2465 vicerat,
895 2403 938 2455 sed
960 2401 1010 2471 ism
1031 2401 1057 2454 in
1079 2423 1110 2456 eo
1130 2415 1190 2456 erst.

115 2500 142 2538 et
157 2499 242 2560 spent
259 2485 340 2540 milii
351 2485 535 2540 liberationem,
678 2479 782 2552 Aperite
793 2479 954 2532 Briilnnittm
967 2480 1041 2554 toepii
1052 2483 1125 2535 lertio
1139 2483 1191 2535 im·

152 2584 175 2617 r.
187 2565 438 2618 Abstine-..marrus
451 2571 520 2616 ruas.
531 2560 629 2634 Sepias
678 2558 741 2631 perii
753 2577 839 2624 suno,
861 2559 939 2613 misso
952 2559 980 2612 in
993 2580 1050 2613 essu
1062 2564 1094 2614 A.
1106 2560 1191 2615 Pisu-

114 2642 224 2714 quidem
236 2643 364 2695 abstinere
376 2654 414 2694 est
424 2637 492 2712 quod
503 2639 577 2694 siunt
588 2640 630 2709 ῥῆ-
678 2636 726 2700 tio;
736 2647 809 2708 utque
820 2636 873 2709 ipss
882 2657 951 2692 suno
960 2650 1015 2711 post
1021 2651 1130 2707 secutus,
1137 2659 1190 2711 per·

114 2744 147 2788 pe
162 2721 287 2789 sidiupss
299 2719 393 2790 (mbr
406 2719 511 2786 nerum)
528 2730 552 2770 st
562 2729 632 2771 esset
679 2715 795 2782 domuit,
808 2717 874 2770 etde
886 2717 1191 2792 sutriumphsvitserip·

115 2799 316 2873 complemento.
326 2799 522 2868 Nonnunquam
532 2809 629 2860 tamen,
679 2793 740 2846 serit
752 2793 830 2867 igitur
839 2793 894 2850 haee
906 2795 1021 2859 Sensus,
1033 2789 1109 2851 tertio
1118 2797 1190 2850 sirei·

114 2877 288 2941 sieutierrere,
303 2895 380 2947 equo
392 2875 535 2942 derivatur,
551 2875 631 2929 setirs
678 2887 716 2927 ter
727 2875 808 2930 exsilii
818 2878 858 2929 sui
876 2896 963 2941 suno,
978 2877 1023 2932 sed
1041 2897 1071 2931 eo
1092 2891 1190 2943 tentum

113 2955 226 3008 sumitur
235 2967 260 3008 et
269 2954 437 3008 sementivum
447 2965 502 3026 post
513 2952 629 3006 sehabet.
679 2953 794 3009 ineunte.

149 3051 174 3085 s.
182 3034 292 3086 Prion's.
306 3035 326 3086 1.
336 3053 359 3085 e.
367 3032 423 3086 cuii
436 3031 574 3107 Csiigrdoe,
584 3032 628 3103 qui
709 3031 737 3086 6.
745 3031 895 3087 Patrios-m·
901 3042 928 3088 ei
938 3052 1023 3086 mtoos·
1039 3034 1090 3086 Ees
1100 3053 1191 3109 nempe

114 3124 176 3164 ante
189 3109 327 3164 ctnudtum
335 3111 516 3184 imperentur,
532 3110 627 3166 sevitia
676 3122 764 3184 pentes
773 3111 864 3164 iterum
872 3111 1014 3182 iterumque
1023 3111 1117 3179 vineat,
1129 3133 1191 3185 quss

116 3203 141 3242 et
152 3189 254 3242 insanis
267 3190 413 3244 notissimus
424 3189 546 3264 princeps.
676 3185 741 3240 oiim
754 3188 807 3256 ejus
817 3187 859 3240 avi
875 3189 992 3258 atavique
1004 3189 1191 3256 contuderunt3

149 3269 176 3323 3.
188 3269 316 3324 Sidon...-
326 3271 436 3338 refulsit.
447 3269 496 3321 His
505 3269 581 3340 piane
590 3269 629 3322 si·
677 3275 748 3317 etesi
755 3283 816 3334 quas
825 3263 878 3336 ejus
886 3263 1051 3336 sristsvique
1061 3266 1196 3339 ignorave-

115 3347 190 3400 milis
202 3347 302 3420 Lipsius
314 3349 387 3400 affert
398 3365 428 3399 es
438 3348 472 3416 Q.
485 3345 555 3400 Curt.
567 3346 585 3398 l.
593 3347 627 3414 X,
676 3359 717 3408 re,
730 3341 843 3394 inveniat
855 3342 932 3395 simui
947 3355 972 3395 et
983 3343 1109 3416 subjiciat.

115 3445 176 3498 qne
187 3425 220 3479 de
236 3423 328 3478 eodem
339 3424 453 3499 principe
469 3423 537 3478 diets
550 3425 628 3478 fuisse
710 3439 734 3488 7·
752 3416 873 3488 Quonan
894 3437 978 3476 mem
995 3425 1140 3478 clementia.
1152 3424 1193 3478 tt

114 3503 232 3575 conjicit.
676 3515 784 3550 senune
798 3497 944 3562 revestitum
956 3509 990 3565 et,
1004 3498 1096 3554 callida
1106 3501 1193 3556 aduls-

150 3584 176 3650 4,
188 3581 370 3635 &munim
379 3581 550 3634 nefandum
558 3582 591 3634 ad
599 3601 629 3634 η
677 3573 755 3640 tione,
767 3575 848 3628 exsilii
859 3575 898 3629 sui
909 3576 986 3631 finem
997 3591 1076 3650 pant,
1086 3596 1140 3634 non
1149 3593 1192 3635 ts-

116 3679 177 3732 qnss
185 3659 270 3733 primo
281 3677 350 3712 snno
359 3658 460 3732 imperii
467 3659 521 3732 ejus
530 3660 557 3712 in
565 3659 629 3714 Ger·
677 3667 736 3702 men
749 3671 860 3724 expresse
870 3651 1010 3726 principem
1021 3674 1124 3728 rogans.

117 3738 206 3792 mania
214 3749 296 3809 gesta,
307 3736 385 3790 duetn
396 3736 537 3809 legatorum
545 3737 628 3792 Servii
713 3737 737 3788 ὓ.
749 3729 787 3784 Ut
795 3734 876 3786 notor
884 3734 987 3800 'en'prem
999 3732 1136 3787 Nouenim
1149 3736 1191 3790 de·

115 3814 209 3872 estha
227 3829 252 3869 et
267 3814 301 3868 P.
316 3813 440 3880 Gabinii3
458 3835 567 3887 quornm
584 3815 628 3870 iile
678 3811 816 3892 eisrsverst
830 3808 945 3884 princeps
958 3821 1078 3864 eternam
1089 3832 1191 3886 poensrn

119 3897 223 3963 Cattos,
236 3894 282 3948 iste
293 3894 390 3946 Marsos
399 3893 501 3946 vireret.
511 3895 551 3946 Eo
560 3905 630 3948 utro·
678 3893 743 3946 fors·

115 3995 167 4048 que
183 3973 289 4026 nomine
306 3973 380 4041 Imp.
395 3975 489 4026 iterum
506 3972 629 4028 Claudios
712 3965 993 4039 &Mttdmlt'mpto
1005 3970 1189 4038 modemmt'ne,

117 4052 258 4127 appellatus
271 4069 340 4104 anno
349 4050 382 4102 U.
396 4049 426 4102 C.
437 4052 496 4122 794,
513 4049 582 4121 quoi
679 4047 751 4118 qussi
767 4046 887 4118 seriptum
907 4057 970 4100 esset
987 4063 994 4098 ι
1011 4047 1093 4106 Manu
1104 4050 1191 4110 divina

117 4131 146 4183 in
154 4129 271 4184 essiiinrn
281 4129 378 4184 Seneca
389 4125 474 4201 puisus
486 4140 531 4194 est,
541 4141 570 4182 ut
603 4129 628 4182 io
679 4145 763 4181 essum
778 4126 848 4180 rexit.

113 4206 213 4262 scribit.
716 4225 756 4258 so.
767 4203 934 4273 Drpmarm.
952 4204 992 4256 Ad
1003 4204 1144 4272 Senecam,
1156 4212 1192 4264 sit

245 4305 290 4371 11.
1001 4301 1041 4369 15
