2978 4942
443 415 543 487 nm.
569 419 642 504 w,
669 419 783 488 clo.
808 417 899 488 xx.
1140 422 1204 518 ⁴93

130 547 204 638 peti
224 543 371 630 dicitur,
392 549 485 641 quod
503 549 798 642 quumviahabeat
815 549 930 643 aliqua
945 567 1038 620 extra
1058 575 1093 622 se
1113 578 1206 624 com-

117 661 251 746 moda,
270 667 426 761 sepositis
446 691 585 761 quoque
601 666 671 736 illis
693 691 733 736 ac
751 669 901 753 remotis,
920 668 1043 762 placet.
1066 672 1208 742 Prodest
1278 653 1280 660 ,

132 801 269 879 gratum
285 813 358 858 esse
380 817 388 856 :
411 814 471 860 ero
493 806 606 860 tamen
627 807 769 886 gratus,
791 793 893 858 etiam
920 793 949 859 ei
974 811 1106 862 noceat.
1135 795 1208 888 Qui

131 915 253 989 gratus
269 919 339 986 eet,
363 904 448 996 quid
466 907 645 998 sequitur?
662 919 701 972 ut
719 905 794 974 hoec
813 904 937 974 res-illi
956 906 1041 976 alios
1060 910 1204 992 amicos,

128 1013 200 1083 alia
216 1015 383 1089 beneficia
400 1021 584 1091 conciliet?
601 1021 698 1114 Quid
713 1045 818 1116 ergo,
838 1023 866 1090 si
885 1023 963 1115 quia
979 1024 1044 1092 sibi
1064 1025 1207 1095 offensae
1233 1079 1247 1109 2

130 1135 455 1206 concitaturuaesti’
471 1138 499 1206 si
513 1140 592 1230 quia
605 1137 788 1232 intelligit,
804 1136 889 1207 adeo
905 1162 970 1232 per
986 1140 1053 1210 hoc
1069 1165 1105 1210 ee
1119 1143 1207 1210 nihil

131 1268 417 1338 consecuturum,
439 1271 479 1324 ut
496 1255 601 1325 multa
623 1257 724 1324 etiam
744 1277 786 1323 ex
810 1257 957 1348 reposito
974 1259 1208 1352 acquisitoque

129 1366 308 1457 perdenda
322 1371 391 1437 sint
406 1396 415 1438 ι
432 1394 514 1439 num
528 1370 640 1440 libent
656 1372 694 1438 in
707 1370 910 1440 detrimenta
927 1373 1135 1444 descendet?
1148 1378 1208 1444 In-

132 1495 253 1572 gratus
269 1498 339 1565 est,
357 1486 418 1576 qui
432 1486 469 1553 in
482 1481 664 1554 referenda
681 1485 792 1578 gratia
804 1486 992 1555 secundum
1006 1485 1140 1555 datum¹
1157 1491 1208 1557 vi-

130 1596 213 1684 det,
234 1600 295 1690 qui
314 1615 429 1693 eperat
445 1625 550 1693 quum
567 1597 693 1669 reddit.
718 1602 896 1694 Ingratum
912 1625 1015 1684 voco,
1037 1604 1097 1694 qui
1114 1627 1206 1698 aegro

128 1711 259 1782 assidet
273 1715 354 1806 quia
369 1730 607 1784 testamentum
622 1715 773 1784 facturus
788 1732 851 1800 eat,
872 1716 927 1785 cui
939 1713 983 1784 de
997 1715 1202 1801 hereditate,

128 1846 193 1900 aut
206 1830 249 1900 de
265 1831 378 1925 legato
395 1849 492 1902 vacat
505 1833 654 1927 cogitare
676 1858 684 1900 :
704 1832 806 1902 facim
822 1832 903 1902 licet
916 1835 1049 1916 omnia,
1069 1859 1144 1928 quae
1157 1836 1207 1904 fa-
1231 1865 1246 1916 3

130 1971 213 2018 cere
229 1947 337 2017 bonna
355 1951 484 2018 amicus
500 1965 534 2018 et
553 1973 680 2018 memor
696 1949 801 2018 officii
817 1947 936 2036 debet,
955 1950 983 2017 ai
1004 1953 1118 2020 animo
1131 1953 1206 2045 ejus

130 2067 335 2135 obversatur
348 2091 438 2162 apes,
460 2068 489 2134 ei
503 2066 590 2142 lucri
608 2082 759 2161 captator
777 2071 862 2150 ω’,
880 2071 915 2136 et
932 2068 1069 2138 hamum
1089 2060 1101 2105 ³
1104 2070 1201 2162 jacit.

131 2183 179 2250 Ut
189 2205 291 2267 aves,
307 2207 382 2276 quae
394 2183 601 2255 laceratione
613 2207 795 2278 corporum
805 2183 966 2266 aluntur,
985 2184 1072 2253 laesa
1086 2185 1204 2255 morbo

132 2323 259 2392 pecora
273 2317 313 2372 ,et
330 2324 469 2382 casura,
489 2324 509 2368 e
527 2301 680 2394 proximo
700 2299 937 2395 speculantur,
959 2301 1006 2368 ita
1021 2301 1080 2369 hic
1093 2301 1206 2371 immi·
1309 2341 1315 2364 .

131 2431 194 2484 net
214 2417 330 2501 morti,
346 2432 382 2485 et
398 2417 489 2486 circa
506 2416 650 2486 cadaver
664 2416 766 2486 volat.

132 2629 210 2680 caste,
219 2617 525 2690 sortiterel'fieiquodnon
534 2617 641 2685 utileait
694 2619 726 2672 ab
737 2619 805 2672 orbis
819 2618 941 2672 divitibus
955 2619 1028 2689 quasi
1040 2617 1131 2693 piscari
1143 2641 1207 2694 gea-

132 2713 187 2748 non
206 2696 312 2767 quidem
329 2698 414 2751 entim
427 2711 452 2751 et
468 2697 491 2752 ei
507 2698 552 2768 qui
567 2699 643 2766 iecit,
693 2697 777 2750 tirent.
787 2696 903 2750 Primum
913 2715 973 2749 usus
985 2697 1060 2768 hujus
1069 2697 1207 2769 vestigium

130 2773 176 2826 sed
189 2773 218 2827 in
229 2787 372 2849 temporum
387 2787 412 2828 st
427 2795 513 2830 rerum
527 2794 644 2840 summa,
693 2773 831 2846 reperimus
840 2773 906 2848 apud
915 2775 1003 2828 Horat.
1013 2774 1096 2829 Serm.
1106 2775 1152 2828 lib.
1162 2779 1200 2840 ll,

132 2851 418 2926 etomniumquoeliunt
425 2853 527 2928 posthae
533 2853 645 2924 alibique
694 2852 746 2906 Sat.
757 2867 791 2919 v,
804 2872 838 2906 vs.
851 2855 897 2917 25,
907 2873 983 2925 quam
995 2853 1114 2924 deinceps
1132 2854 1208 2908 multi

133 2928 337 2984 habitatatione.
694 2929 793 3000 sequuti
805 2942 880 2995 aunt,
897 2950 920 2984 a.
935 2949 956 2983 c.
968 2931 1081 2983 Martial-
1094 2929 1140 2982 lib.
1152 2930 1207 2993 lv.

171 3009 354 3063 1.Secuodnm
365 3011 459 3064 datum
470 3014 550 3064 videt.
572 3010 646 3064 Alte·
696 3007 736 3060 56.
755 3007 800 3061 lib.
821 3009 876 3074 vl,
895 3009 984 3083 Epigr.
1003 3025 1079 3074 nxvr,
1100 3023 1146 3066 etc.
1163 3011 1208 3064 Sic

133 3108 193 3140 rum
200 3107 358 3162 sequensque
368 3090 465 3143 donum
473 3088 586 3142 intuetur
595 3109 646 3164 spe·
694 3087 804 3144 senune
812 3106 932 3153 munera.
945 3087 1036 3158 quibus
1046 3087 1163 3143 homines
1171 3091 1208 3143 la·

133 3179 232 3240 ratque.
695 3164 743 3217 cilo
754 3165 837 3238 decipi
845 3183 871 3218 se
879 3165 1008 3238 patiuntur
1018 3206 1026 3234 ,
1037 3167 1151 3232 Seneca,
1160 3166 1207 3240 Ep.

116 3289 120 3302 .
169 3246 398 3314 asiamque
410 3245 642 3314 obversatum,
695 3241 1208 3318 v111,3visealadeneficiavoeatbipsins

134 3333 164 3380 ,η’
171 3329 239 3379 lucri
249 3336 367 3396 captator
376 3335 423 3378 est.
436 3325 459 3378 E
472 3325 557 3377 mullis
570 3325 645 3378 codd.
693 3321 768 3373 allerl
777 3319 858 3373 Plinii
864 3320 974 3393 junioris
980 3322 1065 3376 locum
1072 3321 1133 3376 huic
1140 3322 1209 3376 elmi·

134 3418 161 3458 et
180 3405 239 3457 edd.
251 3403 344 3475 adjecit
363 3403 443 3457 Gron.
462 3423 551 3457 vocem
569 3406 645 3457 lucri.
693 3399 744 3454 lem
756 3401 800 3460 ,in
816 3401 918 3470 Panoeg.
934 3402 1052 3455 «Nonne
1064 3415 1092 3454 ut
1102 3421 1207 3475 regum,

134 3482 246 3534 Grutero
253 3481 326 3535 lectio
334 3478 643 3543 hecsordidsvidebstur‚
694 3478 728 3531 ita
739 3478 867 3533 Cesaram
875 3497 982 3530 munera
989 3517 996 3542 ,
1003 3479 1082 3532 illitos
1092 3479 1154 3532 cibis
1162 3478 1205 3531 ha·

134 3573 162 3614 et
178 3559 364 3635 particularum·
379 3560 462 3614 delere
477 3559 578 3613 volebat
594 3575 645 3612 tas·
695 3575 760 3621 mos,
773 3569 872 3630 opertos
882 3556 967 3630 praede
982 3556 1087 3628 laqueos
1098 3559 1209 3612 emula-

133 3659 223 3692 seneus
235 3650 272 3692 est
282 3639 389 3713 Lipsius.
398 3639 477 3692 lieete
490 3652 574 3704 autem
587 3637 644 3692 loeo
695 3634 794 3689 bantur.
809 3659 822 3684 s
834 3637 888 3689 Nee
899 3637 996 3691 Grecis
1006 3637 1074 3691 hene
1087 3636 1209 3709 loquendi

135 3716 646 3794 lauieGrun.suppetiastulitl’arsaltera
695 3714 831 3767 formulam
861 3733 913 3767 esee
945 3715 1090 3769 inusitatam
1121 3715 1208 3769 docuit

135 3793 316 3870 propositionis
326 3795 520 3860 conditionalia,
532 3795 583 3858 ait,
594 3795 645 3870 ple·
696 3792 871 3846 Hemeterlrus.
884 3792 915 3844 ad
932 3793 1036 3846 Lucian.
1048 3793 1073 3845 ll
1084 3832 1091 3858 ,
1111 3814 1136 3867 p.
1150 3793 1207 3858 llo.

137 3875 211 3928 niore
224 3887 248 3928 et
264 3875 438 3928 numerosiora
452 3873 556 3948 periodo
568 3873 644 3925 simul
694 3870 745 3945 bip·
756 3869 967 3934 Similiterl’lato,
973 3871 1020 3923 To.
1028 3871 1064 3922 lx
1071 3869 1207 3944 potonip.

136 3967 175 4006 eat
186 3953 361 4007 similitudinis
371 3953 497 4014 ἀπόδοσις.
696 3950 754 4002 edit.
766 3987 774 4015 ,
784 3949 937 4022 voluptatem
950 3961 1024 4000 vocat
1042 3950 1126 4018 δέλεαρ
1136 3987 1143 4015 ,
1155 3968 1206 4019 quo

171 4033 194 4085 ³.
211 4033 335 4086 Humum
344 4036 418 4100 jacit.
434 4031 476 4085 De
487 4030 645 4106 heredipetis
694 4027 752 4080 loco
759 4026 849 4080 Cicero
857 4027 1065 4080 &senectutem
1076 4025 1206 4090 durescat,

135 4111 255 4184 inprimis
270 4110 298 4162 in
314 4131 362 4163 usu
373 4122 425 4176 ost,
443 4109 488 4179 qni
499 4107 646 4162 muneribus
696 4105 842 4158 emendatos
854 4125 869 4158 e
880 4103 1031 4158 veteteno.
1047 4104 1075 4157 in
1091 4102 1207 4157 Distribe

134 4189 238 4260 magnis
249 4188 331 4242 missis
346 4189 426 4262 legata
439 4201 482 4240 ant
498 4187 646 4240 hereditates
695 4186 728 4264 ed
742 4183 857 4260 Euripid.
872 4204 895 4257 p.
913 4187 965 4256 ¹9⁵·
