<?xml version="1.0" encoding="UTF-8"?>
<!DOCTYPE html PUBLIC "-//W3C//DTD XHTML 1.0 Transitional//EN"
    "http://www.w3.org/TR/xhtml1/DTD/xhtml1-transitional.dtd">
<html xmlns="http://www.w3.org/1999/xhtml" xml:lang="en" lang="en">
 <head>
  <title>
</title>
<meta http-equiv="Content-Type" content="text/html;charset=utf-8" />
  <meta name='ocr-system' content='tesseract 3.04.00' />
  <meta name='ocr-capabilities' content='ocr_page ocr_carea ocr_par ocr_line ocrx_word'/>
</head>
<body>
  <div class='ocr_page' id='page_1' title='image "./lannsenecparspr02bouigoog_0060.png"; bbox 0 0 2976 4944; ppageno 0'>
   <div class='ocr_carea' id='block_1_1' title="bbox 479 561 891 652">
    <p class='ocr_par' dir='ltr' id='par_1_1' title="bbox 479 561 891 652">
     <span class='ocr_line' id='line_1_1' title="bbox 479 561 891 652; baseline 0.007 -4"><span class='ocrx_word' id='word_1_1' title='bbox 479 587 828 652; x_wconf 76' lang='lat' dir='ltr'><strong>tnonnnnron.</strong></span> <span class='ocrx_word' id='word_1_2' title='bbox 888 561 891 566; x_wconf 72' lang='grc'><strong>’</strong></span> 
     </span>
    </p>
   </div>
   <div class='ocr_carea' id='block_1_2' title="bbox 583 841 715 862">
    <p class='ocr_par' dir='ltr' id='par_1_2' title="bbox 583 841 715 862">
     <span class='ocr_line' id='line_1_2' title="bbox 583 841 715 862; baseline 0.008 -5"><span class='ocrx_word' id='word_1_3' title='bbox 583 841 715 862; x_wconf 67' lang='grc' dir='ltr'>αι...-</span> 
     </span>
    </p>
   </div>
   <div class='ocr_carea' id='block_1_3' title="bbox 94 1048 1182 4131">
    <p class='ocr_par' dir='ltr' id='par_1_3' title="bbox 94 1048 1182 4131">
     <span class='ocr_line' id='line_1_3' title="bbox 94 1048 1181 1124; baseline 0.006 -24"><span class='ocrx_word' id='word_1_4' title='bbox 94 1089 99 1106; x_wconf 84' lang='grc'><strong>.</strong></span> <span class='ocrx_word' id='word_1_5' title='bbox 147 1048 372 1119; x_wconf 68' lang='lat' dir='ltr'><strong>[Introitnsbujus</strong></span> <span class='ocrx_word' id='word_1_6' title='bbox 380 1049 558 1102; x_wconf 83' lang='lat' dir='ltr'><strong>consolationis</strong></span> <span class='ocrx_word' id='word_1_7' title='bbox 567 1049 791 1123; x_wconf 79' lang='lat' dir='ltr'><strong>apprimeelegans,</strong></span> <span class='ocrx_word' id='word_1_8' title='bbox 800 1048 1056 1122; x_wconf 87' lang='lat' dir='ltr'><strong>etprudentereteum</strong></span> <span class='ocrx_word' id='word_1_9' title='bbox 1064 1062 1181 1124; x_wconf 85' lang='lat' dir='ltr'><strong>arteptte·</strong></span> 
     </span>
     <span class='ocr_line' id='line_1_4' title="bbox 117 1130 1182 1204; baseline 0.001 -21"><span class='ocrx_word' id='word_1_10' title='bbox 117 1132 231 1184; x_wconf 86' lang='lat' dir='ltr'><strong>mittitur.</strong></span> <span class='ocrx_word' id='word_1_11' title='bbox 247 1131 358 1204; x_wconf 79' lang='lat' dir='ltr'><strong>Exponit</strong></span> <span class='ocrx_word' id='word_1_12' title='bbox 367 1151 480 1198; x_wconf 86' lang='lat' dir='ltr'><strong>causam,</strong></span> <span class='ocrx_word' id='word_1_13' title='bbox 489 1151 591 1184; x_wconf 84' lang='lat' dir='ltr'><strong>curnon</strong></span> <span class='ocrx_word' id='word_1_14' title='bbox 604 1131 671 1204; x_wconf 85' lang='lat' dir='ltr'><strong>prius</strong></span> <span class='ocrx_word' id='word_1_15' title='bbox 681 1145 787 1184; x_wconf 88' lang='lat' dir='ltr'><strong>matrem</strong></span> <span class='ocrx_word' id='word_1_16' title='bbox 796 1130 937 1184; x_wconf 70' lang='lat' dir='ltr'><strong>consolatus</strong></span> <span class='ocrx_word' id='word_1_17' title='bbox 944 1143 1019 1194; x_wconf 88' lang='lat' dir='ltr'><strong>esset,</strong></span> <span class='ocrx_word' id='word_1_18' title='bbox 1031 1151 1107 1202; x_wconf 82' lang='lat' dir='ltr'><strong>quern</strong></span> <span class='ocrx_word' id='word_1_19' title='bbox 1117 1144 1182 1184; x_wconf 70' lang='lat' dir='ltr'><strong>mm-</strong></span> 
     </span>
     <span class='ocr_line' id='line_1_5' title="bbox 118 1212 1180 1287; baseline 0 -21"><span class='ocrx_word' id='word_1_20' title='bbox 118 1215 180 1284; x_wconf 82' lang='lat' dir='ltr'><strong>pcris</strong></span> <span class='ocrx_word' id='word_1_21' title='bbox 191 1214 273 1287; x_wconf 84' lang='lat' dir='ltr'><strong>spatio</strong></span> <span class='ocrx_word' id='word_1_22' title='bbox 292 1213 404 1284; x_wconf 89' lang='lat' dir='ltr'><strong>quodam</strong></span> <span class='ocrx_word' id='word_1_23' title='bbox 422 1213 588 1286; x_wconf 66' lang='lat' dir='ltr'><strong>preterlapso.</strong></span> <span class='ocrx_word' id='word_1_24' title='bbox 605 1213 680 1265; x_wconf 87' lang='lat' dir='ltr'><strong>Nunc</strong></span> <span class='ocrx_word' id='word_1_25' title='bbox 696 1233 723 1266; x_wconf 88' lang='lat' dir='ltr'><strong>se</strong></span> <span class='ocrx_word' id='word_1_26' title='bbox 735 1212 917 1266; x_wconf 70' lang='lat' dir='ltr'>consurrexisse</span> <span class='ocrx_word' id='word_1_27' title='bbox 933 1212 1057 1285; x_wconf 80' lang='lat' dir='ltr'>priorem,</span> <span class='ocrx_word' id='word_1_28' title='bbox 1079 1225 1104 1264; x_wconf 92' lang='lat' dir='ltr'><strong>et</strong></span> <span class='ocrx_word' id='word_1_29' title='bbox 1114 1233 1180 1266; x_wconf 88' lang='lat' dir='ltr'><strong>nova</strong></span> 
     </span>
     <span class='ocr_line' id='line_1_6' title="bbox 114 1297 1180 1370; baseline -0.002 -18"><span class='ocrx_word' id='word_1_30' title='bbox 114 1299 260 1352; x_wconf 75' lang='lat' dir='ltr'><strong>consolandi</strong></span> <span class='ocrx_word' id='word_1_31' title='bbox 279 1299 379 1352; x_wconf 88' lang='lat' dir='ltr'><strong>ratione</strong></span> <span class='ocrx_word' id='word_1_32' title='bbox 388 1298 435 1351; x_wconf 82' lang='lat' dir='ltr'><strong>uti.</strong></span> <span class='ocrx_word' id='word_1_33' title='bbox 451 1299 539 1370; x_wconf 78' lang='lat' dir='ltr'>Sperat</span> <span class='ocrx_word' id='word_1_34' title='bbox 549 1299 603 1351; x_wconf 81' lang='lat' dir='ltr'><strong>fore</strong></span> <span class='ocrx_word' id='word_1_35' title='bbox 617 1311 644 1350; x_wconf 92' lang='lat' dir='ltr'><strong>ut</strong></span> <span class='ocrx_word' id='word_1_36' title='bbox 657 1298 706 1351; x_wconf 88' lang='lat' dir='ltr'><strong>hoc</strong></span> <span class='ocrx_word' id='word_1_37' title='bbox 717 1299 817 1370; x_wconf 87' lang='lat' dir='ltr'><strong>ipsum,</strong></span> <span class='ocrx_word' id='word_1_38' title='bbox 831 1297 901 1368; x_wconf 87' lang='lat' dir='ltr'><strong>quod</strong></span> <span class='ocrx_word' id='word_1_39' title='bbox 911 1309 1038 1367; x_wconf 88' lang='lat' dir='ltr'><strong>tamquam</strong></span> <span class='ocrx_word' id='word_1_40' title='bbox 1051 1297 1139 1350; x_wconf 76' lang='lat' dir='ltr'>infelix</span> <span class='ocrx_word' id='word_1_41' title='bbox 1156 1311 1180 1352; x_wconf 91' lang='lat' dir='ltr'><strong>et</strong></span> 
     </span>
     <span class='ocr_line' id='line_1_7' title="bbox 116 1380 1179 1446; baseline -0.004 -10"><span class='ocrx_word' id='word_1_42' title='bbox 116 1383 180 1436; x_wconf 73' lang='lat' dir='ltr'><strong>exsul</strong></span> <span class='ocrx_word' id='word_1_43' title='bbox 196 1403 256 1436; x_wconf 84' lang='lat' dir='ltr'><strong>suos</strong></span> <span class='ocrx_word' id='word_1_44' title='bbox 268 1383 428 1446; x_wconf 87' lang='lat' dir='ltr'><strong>consoletur,</strong></span> <span class='ocrx_word' id='word_1_45' title='bbox 446 1396 551 1436; x_wconf 88' lang='lat' dir='ltr'><strong>matrem</strong></span> <span class='ocrx_word' id='word_1_46' title='bbox 568 1382 599 1434; x_wconf 90' lang='lat' dir='ltr'><strong>ad</strong></span> <span class='ocrx_word' id='word_1_47' title='bbox 615 1381 794 1436; x_wconf 77' lang='lat' dir='ltr'><strong>allocutionem</strong></span> <span class='ocrx_word' id='word_1_48' title='bbox 812 1400 883 1432; x_wconf 85' lang='lat' dir='ltr'><strong>suam</strong></span> <span class='ocrx_word' id='word_1_49' title='bbox 903 1380 1055 1434; x_wconf 89' lang='lat' dir='ltr'><strong>audiendam</strong></span> <span class='ocrx_word' id='word_1_50' title='bbox 1070 1394 1179 1435; x_wconf 72' lang='lat' dir='ltr'><strong>moveat,</strong></span> 
     </span>
     <span class='ocr_line' id='line_1_8' title="bbox 114 1464 1179 1538; baseline 0.001 -21"><span class='ocrx_word' id='word_1_51' title='bbox 114 1467 146 1530; x_wconf 87' lang='lat' dir='ltr'><strong>ll,</strong></span> <span class='ocrx_word' id='word_1_52' title='bbox 158 1467 202 1518; x_wconf 91' lang='lat' dir='ltr'><strong>lll.</strong></span> <span class='ocrx_word' id='word_1_53' title='bbox 212 1470 302 1535; x_wconf 77' lang='lat' dir='ltr'><strong>Quum</strong></span> <span class='ocrx_word' id='word_1_54' title='bbox 313 1466 398 1537; x_wconf 84' lang='lat' dir='ltr'><strong>itaque</strong></span> <span class='ocrx_word' id='word_1_55' title='bbox 411 1478 507 1538; x_wconf 88' lang='lat' dir='ltr'><strong>tempus</strong></span> <span class='ocrx_word' id='word_1_56' title='bbox 517 1465 570 1517; x_wconf 85' lang='lat' dir='ltr'><strong>vim</strong></span> <span class='ocrx_word' id='word_1_57' title='bbox 583 1484 653 1518; x_wconf 87' lang='lat' dir='ltr'><strong>suam</strong></span> <span class='ocrx_word' id='word_1_58' title='bbox 668 1465 701 1518; x_wconf 92' lang='lat' dir='ltr'><strong>ad</strong></span> <span class='ocrx_word' id='word_1_59' title='bbox 713 1464 882 1536; x_wconf 76' lang='lat' dir='ltr'><strong>mitigandum</strong></span> <span class='ocrx_word' id='word_1_60' title='bbox 893 1464 978 1516; x_wconf 87' lang='lat' dir='ltr'><strong>matris</strong></span> <span class='ocrx_word' id='word_1_61' title='bbox 987 1464 1102 1518; x_wconf 87' lang='lat' dir='ltr'><strong>dolorem</strong></span> <span class='ocrx_word' id='word_1_62' title='bbox 1110 1485 1179 1518; x_wconf 81' lang='lat' dir='ltr'><strong>erer-</strong></span> 
     </span>
     <span class='ocr_line' id='line_1_9' title="bbox 114 1547 1177 1622; baseline -0.001 -18"><span class='ocrx_word' id='word_1_63' title='bbox 114 1549 361 1621; x_wconf 80' lang='lat' dir='ltr'><strong>euissrt,tranquille</strong></span> <span class='ocrx_word' id='word_1_64' title='bbox 372 1550 494 1614; x_wconf 84' lang='lat' dir='ltr'><strong>modum,</strong></span> <span class='ocrx_word' id='word_1_65' title='bbox 512 1570 563 1622; x_wconf 87' lang='lat' dir='ltr'><strong>quo</strong></span> <span class='ocrx_word' id='word_1_66' title='bbox 577 1550 605 1602; x_wconf 92' lang='lat' dir='ltr'><strong>in</strong></span> <span class='ocrx_word' id='word_1_67' title='bbox 619 1549 706 1604; x_wconf 91' lang='lat' dir='ltr'><strong>dolore</strong></span> <span class='ocrx_word' id='word_1_68' title='bbox 716 1548 897 1622; x_wconf 88' lang='lat' dir='ltr'><strong>compescendo</strong></span> <span class='ocrx_word' id='word_1_69' title='bbox 907 1547 945 1600; x_wconf 88' lang='lat' dir='ltr'><strong>uti</strong></span> <span class='ocrx_word' id='word_1_70' title='bbox 959 1549 1033 1615; x_wconf 85' lang='lat' dir='ltr'><strong>velit,</strong></span> <span class='ocrx_word' id='word_1_71' title='bbox 1048 1549 1177 1612; x_wconf 73' lang='lat' dir='ltr'><strong>declarat3</strong></span> 
     </span>
     <span class='ocr_line' id='line_1_10' title="bbox 114 1632 1178 1707; baseline -0.005 -19"><span class='ocrx_word' id='word_1_72' title='bbox 114 1648 137 1688; x_wconf 90' lang='lat' dir='ltr'><strong>et</strong></span> <span class='ocrx_word' id='word_1_73' title='bbox 144 1636 255 1707; x_wconf 86' lang='lat' dir='ltr'><strong>primum</strong></span> <span class='ocrx_word' id='word_1_74' title='bbox 262 1635 343 1698; x_wconf 81' lang='lat' dir='ltr'><strong>mala,</strong></span> <span class='ocrx_word' id='word_1_75' title='bbox 358 1653 415 1705; x_wconf 78' lang='lat' dir='ltr'><strong>quae</strong></span> <span class='ocrx_word' id='word_1_76' title='bbox 426 1634 476 1705; x_wconf 79' lang='lat' dir='ltr'><strong>jam</strong></span> <span class='ocrx_word' id='word_1_77' title='bbox 487 1653 557 1706; x_wconf 84' lang='lat' dir='ltr'><strong>passa</strong></span> <span class='ocrx_word' id='word_1_78' title='bbox 566 1635 599 1686; x_wconf 94' lang='lat' dir='ltr'><strong>sit</strong></span> <span class='ocrx_word' id='word_1_79' title='bbox 609 1645 688 1686; x_wconf 86' lang='lat' dir='ltr'><strong>mater</strong></span> <span class='ocrx_word' id='word_1_80' title='bbox 704 1632 843 1685; x_wconf 83' lang='lat' dir='ltr'><strong>admodum</strong></span> <span class='ocrx_word' id='word_1_81' title='bbox 854 1632 956 1706; x_wconf 72' lang='lat' dir='ltr'><strong>gravia,</strong></span> <span class='ocrx_word' id='word_1_82' title='bbox 972 1633 1080 1704; x_wconf 77' lang='lat' dir='ltr'><strong>exponit.</strong></span> <span class='ocrx_word' id='word_1_83' title='bbox 1089 1633 1136 1699; x_wconf 85' lang='lat' dir='ltr'><strong>IV,</strong></span> <span class='ocrx_word' id='word_1_84' title='bbox 1147 1634 1178 1686; x_wconf 83' lang='lat' dir='ltr'><strong>V.</strong></span> 
     </span>
     <span class='ocr_line' id='line_1_11' title="bbox 113 1713 1177 1788; baseline -0.002 -18"><span class='ocrx_word' id='word_1_85' title='bbox 113 1718 212 1770; x_wconf 84' lang='lat' dir='ltr'><strong>Deinde</strong></span> <span class='ocrx_word' id='word_1_86' title='bbox 222 1717 307 1780; x_wconf 86' lang='lat' dir='ltr'><strong>docet,</strong></span> <span class='ocrx_word' id='word_1_87' title='bbox 319 1719 394 1770; x_wconf 86' lang='lat' dir='ltr'><strong>matri</strong></span> <span class='ocrx_word' id='word_1_88' title='bbox 402 1717 499 1770; x_wconf 90' lang='lat' dir='ltr'><strong>nullam</strong></span> <span class='ocrx_word' id='word_1_89' title='bbox 515 1736 614 1770; x_wconf 87' lang='lat' dir='ltr'><strong>causam</strong></span> <span class='ocrx_word' id='word_1_90' title='bbox 625 1735 691 1782; x_wconf 84' lang='lat' dir='ltr'><strong>esse,</strong></span> <span class='ocrx_word' id='word_1_91' title='bbox 704 1735 749 1769; x_wconf 90' lang='lat' dir='ltr'><strong>eur</strong></span> <span class='ocrx_word' id='word_1_92' title='bbox 756 1713 842 1767; x_wconf 89' lang='lat' dir='ltr'><strong>doleat</strong></span> <span class='ocrx_word' id='word_1_93' title='bbox 851 1714 981 1786; x_wconf 72' lang='lat' dir='ltr'><strong>lugeatve,</strong></span> <span class='ocrx_word' id='word_1_94' title='bbox 992 1714 1114 1783; x_wconf 84' lang='lat' dir='ltr'><strong>quoniam</strong></span> <span class='ocrx_word' id='word_1_95' title='bbox 1126 1715 1177 1788; x_wconf 86' lang='lat' dir='ltr'><strong>ipse</strong></span> 
     </span>
     <span class='ocr_line' id='line_1_12' title="bbox 113 1799 1178 1875; baseline 0 -21"><span class='ocrx_word' id='word_1_96' title='bbox 113 1803 177 1854; x_wconf 80' lang='lat' dir='ltr'><strong>exsul</strong></span> <span class='ocrx_word' id='word_1_97' title='bbox 198 1803 267 1854; x_wconf 90' lang='lat' dir='ltr'><strong>nibil</strong></span> <span class='ocrx_word' id='word_1_98' title='bbox 283 1802 398 1875; x_wconf 86' lang='lat' dir='ltr'><strong>patiatur,</strong></span> <span class='ocrx_word' id='word_1_99' title='bbox 418 1813 517 1875; x_wconf 88' lang='lat' dir='ltr'><strong>propter</strong></span> <span class='ocrx_word' id='word_1_100' title='bbox 535 1802 604 1872; x_wconf 90' lang='lat' dir='ltr'><strong>qnod</strong></span> <span class='ocrx_word' id='word_1_101' title='bbox 627 1820 685 1854; x_wconf 87' lang='lat' dir='ltr'><strong>vere</strong></span> <span class='ocrx_word' id='word_1_102' title='bbox 706 1800 783 1874; x_wconf 87' lang='lat' dir='ltr'><strong>possit</strong></span> <span class='ocrx_word' id='word_1_103' title='bbox 802 1799 852 1852; x_wconf 92' lang='lat' dir='ltr'><strong>dici</strong></span> <span class='ocrx_word' id='word_1_104' title='bbox 868 1799 959 1860; x_wconf 70' lang='lat' dir='ltr'><strong>misen</strong></span> <span class='ocrx_word' id='word_1_105' title='bbox 983 1818 1011 1852; x_wconf 87' lang='lat' dir='ltr'><strong>es</strong></span> <span class='ocrx_word' id='word_1_106' title='bbox 1026 1799 1108 1862; x_wconf 91' lang='lat' dir='ltr'><strong>enirn,</strong></span> <span class='ocrx_word' id='word_1_107' title='bbox 1121 1818 1178 1870; x_wconf 74' lang='lat' dir='ltr'><strong>que·</strong></span> 
     </span>
     <span class='ocr_line' id='line_1_13' title="bbox 113 1882 1176 1960; baseline -0.005 -19"><span class='ocrx_word' id='word_1_108' title='bbox 113 1887 177 1960; x_wconf 87' lang='lat' dir='ltr'><strong>apud</strong></span> <span class='ocrx_word' id='word_1_109' title='bbox 193 1907 242 1940; x_wconf 88' lang='lat' dir='ltr'><strong>uos</strong></span> <span class='ocrx_word' id='word_1_110' title='bbox 256 1888 362 1940; x_wconf 88' lang='lat' dir='ltr'><strong>nomine</strong></span> <span class='ocrx_word' id='word_1_111' title='bbox 372 1886 489 1939; x_wconf 70' lang='lat' dir='ltr'><strong>secunde</strong></span> <span class='ocrx_word' id='word_1_112' title='bbox 504 1885 644 1940; x_wconf 74' lang='lat' dir='ltr'><strong>adversere</strong></span> <span class='ocrx_word' id='word_1_113' title='bbox 663 1887 770 1939; x_wconf 68' lang='lat' dir='ltr'><strong>fortune</strong></span> <span class='ocrx_word' id='word_1_114' title='bbox 781 1883 897 1949; x_wconf 84' lang='lat' dir='ltr'><strong>veniant,</strong></span> <span class='ocrx_word' id='word_1_115' title='bbox 908 1882 940 1936; x_wconf 94' lang='lat' dir='ltr'><strong>ad</strong></span> <span class='ocrx_word' id='word_1_116' title='bbox 950 1884 1086 1936; x_wconf 82' lang='lat' dir='ltr'><strong>adventitia</strong></span> <span class='ocrx_word' id='word_1_117' title='bbox 1096 1885 1176 1957; x_wconf 80' lang='lat' dir='ltr'><strong>perti·</strong></span> 
     </span>
     <span class='ocr_line' id='line_1_14' title="bbox 113 1969 1177 2044; baseline -0.002 -19"><span class='ocrx_word' id='word_1_118' title='bbox 113 1994 185 2039; x_wconf 86' lang='lat' dir='ltr'><strong>nere,</strong></span> <span class='ocrx_word' id='word_1_119' title='bbox 206 1972 319 2043; x_wconf 86' lang='lat' dir='ltr'><strong>ideoque</strong></span> <span class='ocrx_word' id='word_1_120' title='bbox 333 1985 356 2024; x_wconf 90' lang='lat' dir='ltr'><strong>et</strong></span> <span class='ocrx_word' id='word_1_121' title='bbox 372 1971 455 2044; x_wconf 81' lang='lat' dir='ltr'><strong>ipsum</strong></span> <span class='ocrx_word' id='word_1_122' title='bbox 466 1971 589 2024; x_wconf 75' lang='lat' dir='ltr'><strong>cnsilium.</strong></span> <span class='ocrx_word' id='word_1_123' title='bbox 599 1971 715 2038; x_wconf 81' lang='lat' dir='ltr'><strong>vl,vtl.</strong></span> <span class='ocrx_word' id='word_1_124' title='bbox 731 1969 812 2040; x_wconf 87' lang='lat' dir='ltr'><strong>Quod</strong></span> <span class='ocrx_word' id='word_1_125' title='bbox 823 1987 901 2041; x_wconf 91' lang='lat' dir='ltr'><strong>quum</strong></span> <span class='ocrx_word' id='word_1_126' title='bbox 913 1969 1110 2023; x_wconf 89' lang='lat' dir='ltr'><strong>commutatione</strong></span> <span class='ocrx_word' id='word_1_127' title='bbox 1126 1971 1177 2023; x_wconf 91' lang='lat' dir='ltr'><strong>loci</strong></span> 
     </span>
     <span class='ocr_line' id='line_1_15' title="bbox 112 2051 1176 2129; baseline -0.003 -19"><span class='ocrx_word' id='word_1_128' title='bbox 112 2058 286 2120; x_wconf 85' lang='lat' dir='ltr'><strong>contineatur,</strong></span> <span class='ocrx_word' id='word_1_129' title='bbox 306 2055 380 2108; x_wconf 75' lang='lat' dir='ltr'><strong>facile</strong></span> <span class='ocrx_word' id='word_1_130' title='bbox 400 2067 482 2129; x_wconf 85' lang='lat' dir='ltr'><strong>patere</strong></span> <span class='ocrx_word' id='word_1_131' title='bbox 497 2054 605 2108; x_wconf 92' lang='lat' dir='ltr'><strong>ostendit</strong></span> <span class='ocrx_word' id='word_1_132' title='bbox 620 2054 646 2108; x_wconf 88' lang='lat' dir='ltr'><strong>in</strong></span> <span class='ocrx_word' id='word_1_133' title='bbox 666 2075 695 2106; x_wconf 90' lang='lat' dir='ltr'><strong>eo</strong></span> <span class='ocrx_word' id='word_1_134' title='bbox 715 2052 781 2106; x_wconf 88' lang='lat' dir='ltr'><strong>nibil</strong></span> <span class='ocrx_word' id='word_1_135' title='bbox 795 2051 856 2104; x_wconf 89' lang='lat' dir='ltr'><strong>mali</strong></span> <span class='ocrx_word' id='word_1_136' title='bbox 872 2052 967 2106; x_wconf 84' lang='lat' dir='ltr'><strong>inesse:</strong></span> <span class='ocrx_word' id='word_1_137' title='bbox 978 2053 1102 2124; x_wconf 91' lang='lat' dir='ltr'><strong>primum,</strong></span> <span class='ocrx_word' id='word_1_138' title='bbox 1116 2055 1176 2124; x_wconf 89' lang='lat' dir='ltr'><strong>quia</strong></span> 
     </span>
     <span class='ocr_line' id='line_1_16' title="bbox 113 2135 1176 2207; baseline -0.001 -15"><span class='ocrx_word' id='word_1_139' title='bbox 113 2140 224 2192; x_wconf 87' lang='lat' dir='ltr'><strong>bominis</strong></span> <span class='ocrx_word' id='word_1_140' title='bbox 242 2152 339 2192; x_wconf 80' lang='lat' dir='ltr'><strong>naturae</strong></span> <span class='ocrx_word' id='word_1_141' title='bbox 356 2139 442 2190; x_wconf 89' lang='lat' dir='ltr'><strong>inuata</strong></span> <span class='ocrx_word' id='word_1_142' title='bbox 456 2139 489 2191; x_wconf 86' lang='lat' dir='ltr'><strong>sit</strong></span> <span class='ocrx_word' id='word_1_143' title='bbox 502 2137 552 2190; x_wconf 94' lang='lat' dir='ltr'><strong>loci</strong></span> <span class='ocrx_word' id='word_1_144' title='bbox 565 2157 594 2190; x_wconf 84' lang='lat' dir='ltr'><strong>er</strong></span> <span class='ocrx_word' id='word_1_145' title='bbox 603 2137 658 2191; x_wconf 88' lang='lat' dir='ltr'><strong>loco</strong></span> <span class='ocrx_word' id='word_1_146' title='bbox 677 2135 796 2198; x_wconf 86' lang='lat' dir='ltr'><strong>mutatio,</strong></span> <span class='ocrx_word' id='word_1_147' title='bbox 816 2135 885 2207; x_wconf 87' lang='lat' dir='ltr'><strong>qnod</strong></span> <span class='ocrx_word' id='word_1_148' title='bbox 899 2149 923 2188; x_wconf 89' lang='lat' dir='ltr'><strong>et</strong></span> <span class='ocrx_word' id='word_1_149' title='bbox 932 2155 981 2188; x_wconf 88' lang='lat' dir='ltr'><strong>usu</strong></span> <span class='ocrx_word' id='word_1_150' title='bbox 990 2136 1139 2207; x_wconf 87' lang='lat' dir='ltr'><strong>quotidiano</strong></span> <span class='ocrx_word' id='word_1_151' title='bbox 1151 2152 1176 2191; x_wconf 93' lang='lat' dir='ltr'><strong>et</strong></span> 
     </span>
     <span class='ocr_line' id='line_1_17' title="bbox 112 2219 1174 2297; baseline -0.003 -19"><span class='ocrx_word' id='word_1_152' title='bbox 112 2225 213 2278; x_wconf 87' lang='lat' dir='ltr'><strong>bistoria</strong></span> <span class='ocrx_word' id='word_1_153' title='bbox 233 2224 323 2297; x_wconf 85' lang='lat' dir='ltr'><strong>probat</strong></span> <span class='ocrx_word' id='word_1_154' title='bbox 340 2223 411 2276; x_wconf 85' lang='lat' dir='ltr'><strong>tht.</strong></span> <span class='ocrx_word' id='word_1_155' title='bbox 430 2223 515 2294; x_wconf 80' lang='lat' dir='ltr'><strong>anue</strong></span> <span class='ocrx_word' id='word_1_156' title='bbox 535 2221 587 2296; x_wconf 90' lang='lat' dir='ltr'><strong>ipsa</strong></span> <span class='ocrx_word' id='word_1_157' title='bbox 603 2220 695 2275; x_wconf 78' lang='lat' dir='ltr'><strong>insule</strong></span> <span class='ocrx_word' id='word_1_158' title='bbox 709 2219 818 2274; x_wconf 82' lang='lat' dir='ltr'><strong>Corsicte</strong></span> <span class='ocrx_word' id='word_1_159' title='bbox 828 2239 835 2274; x_wconf 78' lang='lat' dir='ltr'><strong>t</strong></span> <span class='ocrx_word' id='word_1_160' title='bbox 847 2219 957 2284; x_wconf 89' lang='lat' dir='ltr'><strong>deiude,</strong></span> <span class='ocrx_word' id='word_1_161' title='bbox 977 2221 1045 2291; x_wconf 90' lang='lat' dir='ltr'><strong>quod</strong></span> <span class='ocrx_word' id='word_1_162' title='bbox 1057 2221 1174 2275; x_wconf 86' lang='lat' dir='ltr'><strong>ubicum-</strong></span> 
     </span>
     <span class='ocr_line' id='line_1_18' title="bbox 111 2305 1173 2378; baseline -0.001 -19"><span class='ocrx_word' id='word_1_163' title='bbox 111 2329 176 2378; x_wconf 85' lang='lat' dir='ltr'><strong>que,</strong></span> <span class='ocrx_word' id='word_1_164' title='bbox 192 2308 233 2360; x_wconf 87' lang='lat' dir='ltr'><strong>rel</strong></span> <span class='ocrx_word' id='word_1_165' title='bbox 245 2309 272 2359; x_wconf 88' lang='lat' dir='ltr'><strong>in</strong></span> <span class='ocrx_word' id='word_1_166' title='bbox 286 2307 344 2359; x_wconf 86' lang='lat' dir='ltr'><strong>loco</strong></span> <span class='ocrx_word' id='word_1_167' title='bbox 357 2305 520 2358; x_wconf 71' lang='lat' dir='ltr'><strong>desertissime</strong></span> <span class='ocrx_word' id='word_1_168' title='bbox 534 2318 559 2358; x_wconf 93' lang='lat' dir='ltr'><strong>et</strong></span> <span class='ocrx_word' id='word_1_169' title='bbox 569 2305 714 2358; x_wconf 81' lang='lat' dir='ltr'><strong>humillimo</strong></span> <span class='ocrx_word' id='word_1_170' title='bbox 723 2305 837 2377; x_wconf 82' lang='lat' dir='ltr'><strong>tugurio,</strong></span> <span class='ocrx_word' id='word_1_171' title='bbox 850 2325 928 2375; x_wconf 85' lang='lat' dir='ltr'><strong>quum</strong></span> <span class='ocrx_word' id='word_1_172' title='bbox 938 2305 1025 2358; x_wconf 86' lang='lat' dir='ltr'><strong>eadem</strong></span> <span class='ocrx_word' id='word_1_173' title='bbox 1036 2324 1173 2358; x_wconf 82' lang='lat' dir='ltr'><strong>rerumne·</strong></span> 
     </span>
     <span class='ocr_line' id='line_1_19' title="bbox 111 2386 1172 2462; baseline -0.004 -18"><span class='ocrx_word' id='word_1_174' title='bbox 111 2404 164 2444; x_wconf 86' lang='lat' dir='ltr'><strong>tura</strong></span> <span class='ocrx_word' id='word_1_175' title='bbox 174 2404 231 2444; x_wconf 84' lang='lat' dir='ltr'><strong>tons</strong></span> <span class='ocrx_word' id='word_1_176' title='bbox 242 2391 335 2444; x_wconf 80' lang='lat' dir='ltr'><strong>virtute</strong></span> <span class='ocrx_word' id='word_1_177' title='bbox 351 2388 389 2441; x_wconf 90' lang='lat' dir='ltr'><strong>nti</strong></span> <span class='ocrx_word' id='word_1_178' title='bbox 405 2388 481 2460; x_wconf 89' lang='lat' dir='ltr'><strong>possit</strong></span> <span class='ocrx_word' id='word_1_179' title='bbox 501 2388 568 2442; x_wconf 77' lang='lat' dir='ltr'><strong>exsul</strong></span> <span class='ocrx_word' id='word_1_180' title='bbox 578 2427 585 2452; x_wconf 90' lang='lat'><strong>,</strong></span> <span class='ocrx_word' id='word_1_181' title='bbox 597 2387 666 2459; x_wconf 87' lang='lat' dir='ltr'><strong>quod</strong></span> <span class='ocrx_word' id='word_1_182' title='bbox 678 2386 793 2440; x_wconf 76' lang='lat' dir='ltr'><strong>Marcelli</strong></span> <span class='ocrx_word' id='word_1_183' title='bbox 802 2388 920 2461; x_wconf 77' lang='lat' dir='ltr'><strong>praeclaro</strong></span> <span class='ocrx_word' id='word_1_184' title='bbox 932 2387 1044 2462; x_wconf 78' lang='lat' dir='ltr'><strong>exemplo</strong></span> <span class='ocrx_word' id='word_1_185' title='bbox 1058 2387 1172 2442; x_wconf 85' lang='lat' dir='ltr'><strong>illustrat.</strong></span> 
     </span>
     <span class='ocr_line' id='line_1_20' title="bbox 112 2471 1173 2545; baseline -0.001 -17"><span class='ocrx_word' id='word_1_186' title='bbox 112 2476 237 2528; x_wconf 70' lang='lat' dir='ltr'><strong>lx-Xll.</strong></span> <span class='ocrx_word' id='word_1_187' title='bbox 248 2471 415 2528; x_wconf 84' lang='lat' dir='ltr'><strong>Incommoda</strong></span> <span class='ocrx_word' id='word_1_188' title='bbox 425 2485 522 2538; x_wconf 87' lang='lat' dir='ltr'><strong>autem,</strong></span> <span class='ocrx_word' id='word_1_189' title='bbox 533 2472 647 2526; x_wconf 80' lang='lat' dir='ltr'><strong>milium</strong></span> <span class='ocrx_word' id='word_1_190' title='bbox 660 2471 819 2536; x_wconf 81' lang='lat' dir='ltr'><strong>comitantia,</strong></span> <span class='ocrx_word' id='word_1_191' title='bbox 831 2471 903 2524; x_wconf 83' lang='lat' dir='ltr'><strong>facile</strong></span> <span class='ocrx_word' id='word_1_192' title='bbox 913 2472 1014 2524; x_wconf 87' lang='lat' dir='ltr'><strong>tolerari</strong></span> <span class='ocrx_word' id='word_1_193' title='bbox 1028 2492 1099 2545; x_wconf 87' lang='lat' dir='ltr'><strong>posse</strong></span> <span class='ocrx_word' id='word_1_194' title='bbox 1110 2493 1173 2527; x_wconf 81' lang='lat' dir='ltr'><strong>esa·</strong></span> 
     </span>
     <span class='ocr_line' id='line_1_21' title="bbox 111 2554 1170 2631; baseline 0.002 -21"><span class='ocrx_word' id='word_1_195' title='bbox 111 2559 209 2630; x_wconf 73' lang='lat' dir='ltr'><strong>pientiae</strong></span> <span class='ocrx_word' id='word_1_196' title='bbox 218 2559 347 2620; x_wconf 88' lang='lat' dir='ltr'><strong>studioso,</strong></span> <span class='ocrx_word' id='word_1_197' title='bbox 359 2577 381 2609; x_wconf 91' lang='lat' dir='ltr'><strong>e.</strong></span> <span class='ocrx_word' id='word_1_198' title='bbox 392 2576 416 2631; x_wconf 75' lang='lat' dir='ltr'><strong>g.</strong></span> <span class='ocrx_word' id='word_1_199' title='bbox 427 2568 603 2630; x_wconf 80' lang='lat' dir='ltr'><strong>paupertatem.</strong></span> <span class='ocrx_word' id='word_1_200' title='bbox 615 2557 652 2608; x_wconf 87' lang='lat' dir='ltr'><strong>lta</strong></span> <span class='ocrx_word' id='word_1_201' title='bbox 668 2555 694 2607; x_wconf 81' lang='lat' dir='ltr'><strong>ui</strong></span> <span class='ocrx_word' id='word_1_202' title='bbox 704 2554 824 2629; x_wconf 89' lang='lat' dir='ltr'><strong>oppositi,</strong></span> <span class='ocrx_word' id='word_1_203' title='bbox 838 2555 866 2607; x_wconf 90' lang='lat' dir='ltr'><strong>in</strong></span> <span class='ocrx_word' id='word_1_204' title='bbox 882 2555 993 2609; x_wconf 74' lang='lat' dir='ltr'><strong>avaritie</strong></span> <span class='ocrx_word' id='word_1_205' title='bbox 1009 2575 1038 2609; x_wconf 91' lang='lat' dir='ltr'><strong>ac</strong></span> <span class='ocrx_word' id='word_1_206' title='bbox 1049 2556 1170 2620; x_wconf 79' lang='lat' dir='ltr'><strong>luxurie,</strong></span> 
     </span>
     <span class='ocr_line' id='line_1_22' title="bbox 111 2639 1172 2712; baseline 0 -18"><span class='ocrx_word' id='word_1_207' title='bbox 111 2644 194 2696; x_wconf 83' lang='lat' dir='ltr'><strong>omnia</strong></span> <span class='ocrx_word' id='word_1_208' title='bbox 205 2641 390 2705; x_wconf 80' lang='lat' dir='ltr'><strong>subvertentis,</strong></span> <span class='ocrx_word' id='word_1_209' title='bbox 412 2639 535 2694; x_wconf 86' lang='lat' dir='ltr'><strong>insaniam</strong></span> <span class='ocrx_word' id='word_1_210' title='bbox 553 2639 688 2694; x_wconf 82' lang='lat' dir='ltr'><strong>invehitur.</strong></span> <span class='ocrx_word' id='word_1_211' title='bbox 700 2640 811 2694; x_wconf 74' lang='lat' dir='ltr'><strong>Animus</strong></span> <span class='ocrx_word' id='word_1_212' title='bbox 830 2639 993 2711; x_wconf 86' lang='lat' dir='ltr'><strong>tranquillus,</strong></span> <span class='ocrx_word' id='word_1_213' title='bbox 1018 2641 1115 2712; x_wconf 73' lang='lat' dir='ltr'><strong>pergit,</strong></span> <span class='ocrx_word' id='word_1_214' title='bbox 1132 2642 1172 2694; x_wconf 87' lang='lat' dir='ltr'><strong>his</strong></span> 
     </span>
     <span class='ocr_line' id='line_1_23' title="bbox 109 2724 1172 2802; baseline -0.002 -20"><span class='ocrx_word' id='word_1_215' title='bbox 109 2729 267 2802; x_wconf 82' lang='lat' dir='ltr'><strong>supervacnis</strong></span> <span class='ocrx_word' id='word_1_216' title='bbox 279 2727 352 2780; x_wconf 84' lang='lat' dir='ltr'><strong>t&#39;acile</strong></span> <span class='ocrx_word' id='word_1_217' title='bbox 363 2726 456 2779; x_wconf 81' lang='lat' dir='ltr'><strong>carebit</strong></span> <span class='ocrx_word' id='word_1_218' title='bbox 465 2725 507 2778; x_wconf 88' lang='lat' dir='ltr'><strong>vel</strong></span> <span class='ocrx_word' id='word_1_219' title='bbox 519 2726 545 2778; x_wconf 89' lang='lat' dir='ltr'><strong>iu</strong></span> <span class='ocrx_word' id='word_1_220' title='bbox 559 2725 661 2789; x_wconf 82' lang='lat' dir='ltr'><strong>exsilio,</strong></span> <span class='ocrx_word' id='word_1_221' title='bbox 674 2725 735 2796; x_wconf 90' lang='lat' dir='ltr'><strong>quid</strong></span> <span class='ocrx_word' id='word_1_222' title='bbox 745 2765 753 2792; x_wconf 92' lang='lat'><strong>,</strong></span> <span class='ocrx_word' id='word_1_223' title='bbox 766 2724 835 2797; x_wconf 91' lang='lat' dir='ltr'><strong>qnod</strong></span> <span class='ocrx_word' id='word_1_224' title='bbox 854 2745 972 2799; x_wconf 86' lang='lat' dir='ltr'><strong>pauperes</strong></span> <span class='ocrx_word' id='word_1_225' title='bbox 981 2725 1104 2779; x_wconf 74' lang='lat' dir='ltr'><strong>feliciores</strong></span> <span class='ocrx_word' id='word_1_226' title='bbox 1114 2728 1172 2780; x_wconf 90' lang='lat' dir='ltr'><strong>diti·</strong></span> 
     </span>
     <span class='ocr_line' id='line_1_24' title="bbox 109 2809 1171 2884; baseline 0.002 -20"><span class='ocrx_word' id='word_1_227' title='bbox 109 2813 192 2866; x_wconf 81' lang='lat' dir='ltr'><strong>orrbns</strong></span> <span class='ocrx_word' id='word_1_228' title='bbox 200 2813 266 2876; x_wconf 89' lang='lat' dir='ltr'><strong>sint,</strong></span> <span class='ocrx_word' id='word_1_229' title='bbox 283 2825 307 2864; x_wconf 90' lang='lat' dir='ltr'><strong>et</strong></span> <span class='ocrx_word' id='word_1_230' title='bbox 314 2811 360 2864; x_wconf 84' lang='lat' dir='ltr'><strong>bos</strong></span> <span class='ocrx_word' id='word_1_231' title='bbox 366 2813 510 2882; x_wconf 82' lang='lat' dir='ltr'><strong>frequenter</strong></span> <span class='ocrx_word' id='word_1_232' title='bbox 516 2809 661 2863; x_wconf 89' lang='lat' dir='ltr'><strong>conditione</strong></span> <span class='ocrx_word' id='word_1_233' title='bbox 669 2829 806 2884; x_wconf 89' lang='lat' dir='ltr'><strong>pauperum</strong></span> <span class='ocrx_word' id='word_1_234' title='bbox 818 2809 855 2862; x_wconf 89' lang='lat' dir='ltr'><strong>uti</strong></span> <span class='ocrx_word' id='word_1_235' title='bbox 869 2821 996 2882; x_wconf 86' lang='lat' dir='ltr'><strong>oporteat:</strong></span> <span class='ocrx_word' id='word_1_236' title='bbox 1008 2812 1119 2884; x_wconf 75' lang='lat' dir='ltr'><strong>exempla</strong></span> <span class='ocrx_word' id='word_1_237' title='bbox 1127 2832 1171 2866; x_wconf 89' lang='lat' dir='ltr'><strong>an·</strong></span> 
     </span>
     <span class='ocr_line' id='line_1_25' title="bbox 110 2893 1168 2967; baseline 0.001 -21"><span class='ocrx_word' id='word_1_238' title='bbox 110 2897 185 2966; x_wconf 85' lang='lat' dir='ltr'><strong>tiqua.</strong></span> <span class='ocrx_word' id='word_1_239' title='bbox 197 2895 267 2946; x_wconf 84' lang='lat' dir='ltr'><strong>xttl.</strong></span> <span class='ocrx_word' id='word_1_240' title='bbox 279 2896 320 2946; x_wconf 85' lang='lat' dir='ltr'><strong>Ne</strong></span> <span class='ocrx_word' id='word_1_241' title='bbox 335 2905 418 2947; x_wconf 88' lang='lat' dir='ltr'><strong>tamen</strong></span> <span class='ocrx_word' id='word_1_242' title='bbox 430 2894 485 2964; x_wconf 87' lang='lat' dir='ltr'><strong>quis</strong></span> <span class='ocrx_word' id='word_1_243' title='bbox 499 2905 584 2966; x_wconf 89' lang='lat' dir='ltr'><strong>putet,</strong></span> <span class='ocrx_word' id='word_1_244' title='bbox 596 2893 695 2967; x_wconf 76' lang='lat' dir='ltr'><strong>singula</strong></span> <span class='ocrx_word' id='word_1_245' title='bbox 706 2893 809 2965; x_wconf 87' lang='lat' dir='ltr'><strong>quidem</strong></span> <span class='ocrx_word' id='word_1_246' title='bbox 823 2893 927 2946; x_wconf 89' lang='lat' dir='ltr'><strong>malain</strong></span> <span class='ocrx_word' id='word_1_247' title='bbox 939 2893 1025 2945; x_wconf 79' lang='lat' dir='ltr'><strong>exsilio</strong></span> <span class='ocrx_word' id='word_1_248' title='bbox 1034 2893 1093 2946; x_wconf 88' lang='lat' dir='ltr'><strong>satis</strong></span> <span class='ocrx_word' id='word_1_249' title='bbox 1103 2894 1168 2948; x_wconf 91' lang='lat' dir='ltr'><strong>bene</strong></span> 
     </span>
     <span class='ocr_line' id='line_1_26' title="bbox 108 2975 1167 3051; baseline -0.002 -21"><span class='ocrx_word' id='word_1_250' title='bbox 108 2977 222 3030; x_wconf 67' lang='lat' dir='ltr'><strong>mereri</strong></span> <span class='ocrx_word' id='word_1_251' title='bbox 232 2996 320 3051; x_wconf 86' lang='lat' dir='ltr'><strong>posse,</strong></span> <span class='ocrx_word' id='word_1_252' title='bbox 331 2992 383 3030; x_wconf 89' lang='lat' dir='ltr'><strong>non</strong></span> <span class='ocrx_word' id='word_1_253' title='bbox 395 2977 456 3030; x_wconf 87' lang='lat' dir='ltr'><strong>item</strong></span> <span class='ocrx_word' id='word_1_254' title='bbox 465 2977 567 3041; x_wconf 90' lang='lat' dir='ltr'><strong>omnia,</strong></span> <span class='ocrx_word' id='word_1_255' title='bbox 579 2996 636 3048; x_wconf 86' lang='lat' dir='ltr'><strong>quse</strong></span> <span class='ocrx_word' id='word_1_256' title='bbox 644 2975 721 3029; x_wconf 88' lang='lat' dir='ltr'><strong>simul</strong></span> <span class='ocrx_word' id='word_1_257' title='bbox 726 2976 804 3030; x_wconf 80' lang='lat' dir='ltr'><strong>exsuli</strong></span> <span class='ocrx_word' id='word_1_258' title='bbox 814 2975 915 3036; x_wconf 89' lang='lat' dir='ltr'><strong>adsint,</strong></span> <span class='ocrx_word' id='word_1_259' title='bbox 925 2997 946 3028; x_wconf 91' lang='lat' dir='ltr'><strong>e.</strong></span> <span class='ocrx_word' id='word_1_260' title='bbox 953 2996 978 3048; x_wconf 83' lang='lat' dir='ltr'><strong>g.</strong></span> <span class='ocrx_word' id='word_1_261' title='bbox 988 2987 1167 3050; x_wconf 85' lang='lat' dir='ltr'><strong>paupertatem,</strong></span> 
     </span>
     <span class='ocr_line' id='line_1_27' title="bbox 110 3056 1166 3134; baseline 0.001 -22"><span class='ocrx_word' id='word_1_262' title='bbox 110 3060 292 3130; x_wconf 71' lang='lat' dir='ltr'><strong>ignominiam,</strong></span> <span class='ocrx_word' id='word_1_263' title='bbox 303 3072 472 3126; x_wconf 74' lang='lat' dir='ltr'><strong>contemtum,</strong></span> <span class='ocrx_word' id='word_1_264' title='bbox 481 3059 523 3113; x_wconf 89' lang='lat' dir='ltr'><strong>ille</strong></span> <span class='ocrx_word' id='word_1_265' title='bbox 535 3080 619 3113; x_wconf 87' lang='lat' dir='ltr'><strong>seeum</strong></span> <span class='ocrx_word' id='word_1_266' title='bbox 626 3073 734 3134; x_wconf 85' lang='lat' dir='ltr'><strong>reputet,</strong></span> <span class='ocrx_word' id='word_1_267' title='bbox 745 3079 801 3112; x_wconf 89' lang='lat' dir='ltr'><strong>enm</strong></span> <span class='ocrx_word' id='word_1_268' title='bbox 813 3060 857 3128; x_wconf 90' lang='lat' dir='ltr'><strong>qni</strong></span> <span class='ocrx_word' id='word_1_269' title='bbox 865 3079 945 3113; x_wconf 88' lang='lat' dir='ltr'><strong>unum</strong></span> <span class='ocrx_word' id='word_1_270' title='bbox 961 3056 1056 3111; x_wconf 79' lang='lat' dir='ltr'><strong>malum</strong></span> <span class='ocrx_word' id='word_1_271' title='bbox 1064 3060 1166 3127; x_wconf 89' lang='lat' dir='ltr'><strong>toleret,</strong></span> 
     </span>
     <span class='ocr_line' id='line_1_28' title="bbox 111 3142 1167 3216; baseline 0.001 -20"><span class='ocrx_word' id='word_1_272' title='bbox 111 3157 134 3196; x_wconf 92' lang='lat' dir='ltr'><strong>et</strong></span> <span class='ocrx_word' id='word_1_273' title='bbox 145 3143 232 3196; x_wconf 86' lang='lat' dir='ltr'><strong>omnia</strong></span> <span class='ocrx_word' id='word_1_274' title='bbox 242 3142 363 3207; x_wconf 92' lang='lat' dir='ltr'><strong>tolerare,</strong></span> <span class='ocrx_word' id='word_1_275' title='bbox 375 3143 438 3195; x_wconf 83' lang='lat' dir='ltr'><strong>sicut</strong></span> <span class='ocrx_word' id='word_1_276' title='bbox 445 3142 520 3196; x_wconf 91' lang='lat' dir='ltr'><strong>altera</strong></span> <span class='ocrx_word' id='word_1_277' title='bbox 532 3155 601 3216; x_wconf 86' lang='lat' dir='ltr'><strong>parte</strong></span> <span class='ocrx_word' id='word_1_278' title='bbox 607 3143 651 3214; x_wconf 87' lang='lat' dir='ltr'><strong>qui</strong></span> <span class='ocrx_word' id='word_1_279' title='bbox 663 3163 713 3196; x_wconf 85' lang='lat' dir='ltr'><strong>una</strong></span> <span class='ocrx_word' id='word_1_280' title='bbox 722 3143 813 3196; x_wconf 83' lang='lat' dir='ltr'><strong>virtute</strong></span> <span class='ocrx_word' id='word_1_281' title='bbox 821 3143 939 3216; x_wconf 76' lang='lat' dir='ltr'><strong>gaudeat.</strong></span> <span class='ocrx_word' id='word_1_282' title='bbox 950 3144 1167 3197; x_wconf 65' lang='lat' dir='ltr'><strong>omnibuscaeteris</strong></span> 
     </span>
     <span class='ocr_line' id='line_1_29' title="bbox 109 3223 1166 3301; baseline 0.002 -23"><span class='ocrx_word' id='word_1_283' title='bbox 109 3229 152 3281; x_wconf 89' lang='lat' dir='ltr'><strong>nti.</strong></span> <span class='ocrx_word' id='word_1_284' title='bbox 174 3228 241 3296; x_wconf 68' lang='lat' dir='ltr'><strong>Qum</strong></span> <span class='ocrx_word' id='word_1_285' title='bbox 258 3247 337 3298; x_wconf 85' lang='lat' dir='ltr'><strong>quum</strong></span> <span class='ocrx_word' id='word_1_286' title='bbox 350 3227 384 3279; x_wconf 92' lang='lat' dir='ltr'><strong>ita</strong></span> <span class='ocrx_word' id='word_1_287' title='bbox 398 3227 464 3292; x_wconf 89' lang='lat' dir='ltr'><strong>sint,</strong></span> <span class='ocrx_word' id='word_1_288' title='bbox 483 3223 610 3299; x_wconf 76' lang='lat' dir='ltr'><strong>signifieat</strong></span> <span class='ocrx_word' id='word_1_289' title='bbox 624 3247 649 3278; x_wconf 89' lang='lat' dir='ltr'><strong>se</strong></span> <span class='ocrx_word' id='word_1_290' title='bbox 668 3225 861 3297; x_wconf 73' lang='lat' dir='ltr'><strong>haudquaquam</strong></span> <span class='ocrx_word' id='word_1_291' title='bbox 878 3227 998 3279; x_wconf 84' lang='lat' dir='ltr'><strong>miserum</strong></span> <span class='ocrx_word' id='word_1_292' title='bbox 1007 3227 1058 3280; x_wconf 89' lang='lat' dir='ltr'><strong>dici</strong></span> <span class='ocrx_word' id='word_1_293' title='bbox 1077 3247 1166 3301; x_wconf 86' lang='lat' dir='ltr'><strong>posse,</strong></span> 
     </span>
     <span class='ocr_line' id='line_1_30' title="bbox 109 3307 1165 3380; baseline 0.001 -20"><span class='ocrx_word' id='word_1_294' title='bbox 109 3329 188 3380; x_wconf 87' lang='lat' dir='ltr'><strong>neque</strong></span> <span class='ocrx_word' id='word_1_295' title='bbox 208 3308 273 3360; x_wconf 87' lang='lat' dir='ltr'><strong>adeo</strong></span> <span class='ocrx_word' id='word_1_296' title='bbox 290 3309 318 3360; x_wconf 91' lang='lat' dir='ltr'><strong>in</strong></span> <span class='ocrx_word' id='word_1_297' title='bbox 334 3327 379 3361; x_wconf 86' lang='lat' dir='ltr'><strong>sua</strong></span> <span class='ocrx_word' id='word_1_298' title='bbox 388 3307 533 3362; x_wconf 88' lang='lat' dir='ltr'><strong>conditione</strong></span> <span class='ocrx_word' id='word_1_299' title='bbox 548 3327 648 3360; x_wconf 78' lang='lat' dir='ltr'><strong>musam</strong></span> <span class='ocrx_word' id='word_1_300' title='bbox 657 3307 739 3360; x_wconf 86' lang='lat' dir='ltr'><strong>luctus</strong></span> <span class='ocrx_word' id='word_1_301' title='bbox 750 3325 779 3360; x_wconf 89' lang='lat' dir='ltr'><strong>ac</strong></span> <span class='ocrx_word' id='word_1_302' title='bbox 790 3307 904 3360; x_wconf 83' lang='lat' dir='ltr'><strong>moeroris</strong></span> <span class='ocrx_word' id='word_1_303' title='bbox 920 3307 1004 3361; x_wconf 86' lang='lat' dir='ltr'><strong>latere.</strong></span> <span class='ocrx_word' id='word_1_304' title='bbox 1019 3307 1089 3360; x_wconf 84' lang='lat' dir='ltr'>xlv.</span> <span class='ocrx_word' id='word_1_305' title='bbox 1106 3311 1165 3361; x_wconf 86' lang='lat' dir='ltr'><strong>Jam</strong></span> 
     </span>
     <span class='ocr_line' id='line_1_31' title="bbox 108 3389 1165 3464; baseline -0.001 -21"><span class='ocrx_word' id='word_1_306' title='bbox 108 3391 187 3464; x_wconf 69' lang='lat' dir='ltr'><strong>pergit</strong></span> <span class='ocrx_word' id='word_1_307' title='bbox 195 3391 228 3446; x_wconf 87' lang='lat' dir='ltr'><strong>ad</strong></span> <span class='ocrx_word' id='word_1_308' title='bbox 236 3410 322 3444; x_wconf 72' lang='lat' dir='ltr'><strong>ausas</strong></span> <span class='ocrx_word' id='word_1_309' title='bbox 333 3403 438 3454; x_wconf 80' lang='lat' dir='ltr'><strong>ceteras,</strong></span> <span class='ocrx_word' id='word_1_310' title='bbox 452 3409 509 3463; x_wconf 79' lang='lat' dir='ltr'><strong>qne</strong></span> <span class='ocrx_word' id='word_1_311' title='bbox 521 3403 626 3446; x_wconf 85' lang='lat' dir='ltr'><strong>matrem</strong></span> <span class='ocrx_word' id='word_1_312' title='bbox 639 3390 671 3444; x_wconf 89' lang='lat' dir='ltr'><strong>ad</strong></span> <span class='ocrx_word' id='word_1_313' title='bbox 683 3389 777 3444; x_wconf 87' lang='lat' dir='ltr'><strong>luctum</strong></span> <span class='ocrx_word' id='word_1_314' title='bbox 790 3389 943 3462; x_wconf 81' lang='lat' dir='ltr'><strong>perducent,</strong></span> <span class='ocrx_word' id='word_1_315' title='bbox 954 3389 1112 3444; x_wconf 79' lang='lat' dir='ltr'><strong>refellendas.</strong></span> <span class='ocrx_word' id='word_1_316' title='bbox 1126 3391 1165 3443; x_wconf 82' lang='lat' dir='ltr'><strong>Ac</strong></span> 
     </span>
     <span class='ocr_line' id='line_1_32' title="bbox 107 3463 1164 3548; baseline 0.001 -23"><span class='ocrx_word' id='word_1_317' title='bbox 107 3475 214 3546; x_wconf 86' lang='lat' dir='ltr'><strong>primum</strong></span> <span class='ocrx_word' id='word_1_318' title='bbox 224 3488 328 3538; x_wconf 89' lang='lat' dir='ltr'><strong>monet,</strong></span> <span class='ocrx_word' id='word_1_319' title='bbox 339 3487 443 3527; x_wconf 88' lang='lat' dir='ltr'><strong>matrem</strong></span> <span class='ocrx_word' id='word_1_320' title='bbox 456 3463 509 3528; x_wconf 84' lang='lat' dir='ltr'><strong>non</strong></span> <span class='ocrx_word' id='word_1_321' title='bbox 528 3495 600 3548; x_wconf 73' lang='lat' dir='ltr'><strong>egere</strong></span> <span class='ocrx_word' id='word_1_322' title='bbox 612 3474 651 3526; x_wconf 85' lang='lat' dir='ltr'><strong>sui</strong></span> <span class='ocrx_word' id='word_1_323' title='bbox 661 3473 787 3546; x_wconf 65' lang='lat' dir='ltr'><strong>presidii,</strong></span> <span class='ocrx_word' id='word_1_324' title='bbox 802 3473 871 3544; x_wconf 88' lang='lat' dir='ltr'><strong>quod</strong></span> <span class='ocrx_word' id='word_1_325' title='bbox 885 3493 1022 3546; x_wconf 83' lang='lat' dir='ltr'><strong>numquam</strong></span> <span class='ocrx_word' id='word_1_326' title='bbox 1034 3494 1049 3526; x_wconf 87' lang='lat' dir='ltr'><strong>a</strong></span> <span class='ocrx_word' id='word_1_327' title='bbox 1060 3494 1086 3526; x_wconf 91' lang='lat' dir='ltr'><strong>se</strong></span> <span class='ocrx_word' id='word_1_328' title='bbox 1095 3473 1164 3526; x_wconf 88' lang='lat' dir='ltr'><strong>inco·</strong></span> 
     </span>
     <span class='ocr_line' id='line_1_33' title="bbox 106 3553 1164 3632; baseline 0 -22"><span class='ocrx_word' id='word_1_329' title='bbox 106 3559 167 3611; x_wconf 90' lang='lat' dir='ltr'><strong>lurni</strong></span> <span class='ocrx_word' id='word_1_330' title='bbox 178 3559 305 3632; x_wconf 84' lang='lat' dir='ltr'><strong>petiverit,</strong></span> <span class='ocrx_word' id='word_1_331' title='bbox 315 3579 393 3630; x_wconf 88' lang='lat' dir='ltr'><strong>quum</strong></span> <span class='ocrx_word' id='word_1_332' title='bbox 402 3579 482 3630; x_wconf 87' lang='lat' dir='ltr'><strong>neque</strong></span> <span class='ocrx_word' id='word_1_333' title='bbox 493 3559 623 3613; x_wconf 86' lang='lat' dir='ltr'><strong>ambitiosa</strong></span> <span class='ocrx_word' id='word_1_334' title='bbox 634 3558 680 3623; x_wconf 89' lang='lat' dir='ltr'><strong>sit,</strong></span> <span class='ocrx_word' id='word_1_335' title='bbox 689 3577 769 3629; x_wconf 87' lang='lat' dir='ltr'><strong>neque</strong></span> <span class='ocrx_word' id='word_1_336' title='bbox 777 3553 883 3631; x_wconf 73' lang='lat' dir='ltr'><strong>gratiani</strong></span> <span class='ocrx_word' id='word_1_337' title='bbox 894 3571 937 3612; x_wconf 86' lang='lat' dir='ltr'><strong>aut</strong></span> <span class='ocrx_word' id='word_1_338' title='bbox 949 3558 1086 3631; x_wconf 87' lang='lat' dir='ltr'><strong>potentiam</strong></span> <span class='ocrx_word' id='word_1_339' title='bbox 1098 3558 1164 3611; x_wconf 85' lang='lat' dir='ltr'><strong>filio·</strong></span> 
     </span>
     <span class='ocr_line' id='line_1_34' title="bbox 106 3641 1163 3714; baseline 0.001 -20"><span class='ocrx_word' id='word_1_340' title='bbox 106 3662 161 3694; x_wconf 90' lang='lat' dir='ltr'><strong>rnm</strong></span> <span class='ocrx_word' id='word_1_341' title='bbox 174 3662 284 3714; x_wconf 87' lang='lat' dir='ltr'><strong>unquam</strong></span> <span class='ocrx_word' id='word_1_342' title='bbox 300 3643 465 3696; x_wconf 71' lang='lat' dir='ltr'><strong>ostentaverit</strong></span> <span class='ocrx_word' id='word_1_343' title='bbox 478 3645 535 3695; x_wconf 78' lang='lat' dir='ltr'><strong>XV.</strong></span> <span class='ocrx_word' id='word_1_344' title='bbox 546 3641 664 3697; x_wconf 86' lang='lat' dir='ltr'><strong>Secundo</strong></span> <span class='ocrx_word' id='word_1_345' title='bbox 679 3655 763 3694; x_wconf 85' lang='lat' dir='ltr'><strong>autem</strong></span> <span class='ocrx_word' id='word_1_346' title='bbox 777 3643 832 3695; x_wconf 91' lang='lat' dir='ltr'><strong>loco</strong></span> <span class='ocrx_word' id='word_1_347' title='bbox 845 3642 999 3695; x_wconf 85' lang='lat' dir='ltr'><strong>desiderium</strong></span> <span class='ocrx_word' id='word_1_348' title='bbox 1015 3641 1063 3696; x_wconf 88' lang='lat' dir='ltr'><strong>filii</strong></span> <span class='ocrx_word' id='word_1_349' title='bbox 1077 3642 1163 3696; x_wconf 91' lang='lat' dir='ltr'><strong>dileeti</strong></span> 
     </span>
     <span class='ocr_line' id='line_1_35' title="bbox 106 3722 1161 3797; baseline 0 -21"><span class='ocrx_word' id='word_1_350' title='bbox 106 3745 202 3778; x_wconf 85' lang='lat' dir='ltr'><strong>cansam</strong></span> <span class='ocrx_word' id='word_1_351' title='bbox 219 3727 322 3797; x_wconf 85' lang='lat' dir='ltr'><strong>quidem</strong></span> <span class='ocrx_word' id='word_1_352' title='bbox 336 3727 416 3780; x_wconf 88' lang='lat' dir='ltr'><strong>luctus</strong></span> <span class='ocrx_word' id='word_1_353' title='bbox 430 3727 546 3780; x_wconf 78' lang='lat' dir='ltr'><strong>eximiam</strong></span> <span class='ocrx_word' id='word_1_354' title='bbox 560 3747 619 3779; x_wconf 86' lang='lat' dir='ltr'><strong>esse.</strong></span> <span class='ocrx_word' id='word_1_355' title='bbox 632 3722 704 3776; x_wconf 78' lang='lat' dir='ltr'><strong>XVl.</strong></span> <span class='ocrx_word' id='word_1_356' title='bbox 722 3723 774 3782; x_wconf 82' lang='lat' dir='ltr'><strong>Sed</strong></span> <span class='ocrx_word' id='word_1_357' title='bbox 788 3738 877 3778; x_wconf 76' lang='lat' dir='ltr'><strong>contra</strong></span> <span class='ocrx_word' id='word_1_358' title='bbox 894 3725 958 3778; x_wconf 90' lang='lat' dir='ltr'><strong>illud</strong></span> <span class='ocrx_word' id='word_1_359' title='bbox 975 3725 1090 3778; x_wconf 83' lang='lat' dir='ltr'><strong>bortatur</strong></span> <span class='ocrx_word' id='word_1_360' title='bbox 1105 3743 1161 3777; x_wconf 88' lang='lat' dir='ltr'><strong>eam</strong></span> 
     </span>
     <span class='ocr_line' id='line_1_36' title="bbox 107 3807 1161 3881; baseline 0.006 -25"><span class='ocrx_word' id='word_1_361' title='bbox 107 3807 202 3859; x_wconf 75' lang='lat' dir='ltr'><strong>virtutis</strong></span> <span class='ocrx_word' id='word_1_362' title='bbox 213 3821 237 3859; x_wconf 87' lang='lat' dir='ltr'><strong>et</strong></span> <span class='ocrx_word' id='word_1_363' title='bbox 248 3809 471 3881; x_wconf 80' lang='lat' dir='ltr'><strong>fortitudinis,que</strong></span> <span class='ocrx_word' id='word_1_364' title='bbox 482 3809 626 3862; x_wconf 76' lang='lat' dir='ltr'><strong>creterassui</strong></span> <span class='ocrx_word' id='word_1_365' title='bbox 637 3809 686 3862; x_wconf 78' lang='lat' dir='ltr'><strong>aeri</strong></span> <span class='ocrx_word' id='word_1_366' title='bbox 699 3809 804 3861; x_wconf 80' lang='lat' dir='ltr'><strong>seminas</strong></span> <span class='ocrx_word' id='word_1_367' title='bbox 816 3810 889 3863; x_wconf 80' lang='lat' dir='ltr'><strong>facile</strong></span> <span class='ocrx_word' id='word_1_368' title='bbox 901 3809 1043 3874; x_wconf 85' lang='lat' dir='ltr'><strong>antecedat,</strong></span> <span class='ocrx_word' id='word_1_369' title='bbox 1052 3809 1161 3862; x_wconf 89' lang='lat' dir='ltr'><strong>similem</strong></span> 
     </span>
     <span class='ocr_line' id='line_1_37' title="bbox 107 3887 1159 3961; baseline 0.004 -23"><span class='ocrx_word' id='word_1_370' title='bbox 107 3887 427 3956; x_wconf 63' lang='lat' dir='ltr'><strong>cuncticreantem,</strong></span> <span class='ocrx_word' id='word_1_371' title='bbox 442 3902 465 3940; x_wconf 90' lang='lat' dir='ltr'><strong>ct</strong></span> <span class='ocrx_word' id='word_1_372' title='bbox 479 3890 582 3944; x_wconf 79' lang='lat' dir='ltr'><strong>Rutilite</strong></span> <span class='ocrx_word' id='word_1_373' title='bbox 593 3889 672 3942; x_wconf 65' lang='lat' dir='ltr'><strong>Cotta</strong></span> <span class='ocrx_word' id='word_1_374' title='bbox 678 3890 773 3942; x_wconf 86' lang='lat' dir='ltr'><strong>matris.</strong></span> <span class='ocrx_word' id='word_1_375' title='bbox 786 3891 844 3943; x_wconf 78' lang='lat' dir='ltr'><strong>darn</strong></span> <span class='ocrx_word' id='word_1_376' title='bbox 857 3909 935 3961; x_wconf 86' lang='lat' dir='ltr'><strong>quum</strong></span> <span class='ocrx_word' id='word_1_377' title='bbox 948 3891 1028 3944; x_wconf 91' lang='lat' dir='ltr'><strong>luctus</strong></span> <span class='ocrx_word' id='word_1_378' title='bbox 1042 3890 1159 3942; x_wconf 86' lang='lat' dir='ltr'><strong>remediis</strong></span> 
     </span>
     <span class='ocr_line' id='line_1_38' title="bbox 107 3973 1159 4048; baseline 0.004 -26"><span class='ocrx_word' id='word_1_379' title='bbox 107 3973 261 4045; x_wconf 69' lang='lat' dir='ltr'><strong>vulgaribus,</strong></span> <span class='ocrx_word' id='word_1_380' title='bbox 273 3995 295 4026; x_wconf 94' lang='lat' dir='ltr'><strong>e.</strong></span> <span class='ocrx_word' id='word_1_381' title='bbox 306 3995 331 4046; x_wconf 70' lang='lat' dir='ltr'><strong>g.</strong></span> <span class='ocrx_word' id='word_1_382' title='bbox 346 3974 428 4041; x_wconf 87' lang='lat' dir='ltr'><strong>ludis,</strong></span> <span class='ocrx_word' id='word_1_383' title='bbox 443 3973 684 4048; x_wconf 70' lang='lat' dir='ltr'><strong>peregrinationibus</strong></span> <span class='ocrx_word' id='word_1_384' title='bbox 698 3986 744 4026; x_wconf 86' lang='lat' dir='ltr'><strong>etc.</strong></span> <span class='ocrx_word' id='word_1_385' title='bbox 762 3973 912 4030; x_wconf 82' lang='lat' dir='ltr'><strong>difficillime</strong></span> <span class='ocrx_word' id='word_1_386' title='bbox 928 3975 1050 4045; x_wconf 90' lang='lat' dir='ltr'><strong>compesci</strong></span> <span class='ocrx_word' id='word_1_387' title='bbox 1071 3975 1159 4047; x_wconf 83' lang='lat' dir='ltr'><strong>possit,</strong></span> 
     </span>
     <span class='ocr_line' id='line_1_39' title="bbox 105 4055 1159 4131; baseline 0.006 -25"><span class='ocrx_word' id='word_1_388' title='bbox 105 4055 188 4109; x_wconf 83' lang='lat' dir='ltr'><strong>suadet</strong></span> <span class='ocrx_word' id='word_1_389' title='bbox 195 4059 282 4120; x_wconf 85' lang='lat' dir='ltr'><strong>matri,</strong></span> <span class='ocrx_word' id='word_1_390' title='bbox 295 4071 322 4109; x_wconf 90' lang='lat' dir='ltr'><strong>ut</strong></span> <span class='ocrx_word' id='word_1_391' title='bbox 331 4059 441 4110; x_wconf 89' lang='lat' dir='ltr'><strong>animum</strong></span> <span class='ocrx_word' id='word_1_392' title='bbox 453 4058 485 4110; x_wconf 85' lang='lat' dir='ltr'><strong>ad</strong></span> <span class='ocrx_word' id='word_1_393' title='bbox 491 4057 603 4111; x_wconf 87' lang='lat' dir='ltr'><strong>liberalia</strong></span> <span class='ocrx_word' id='word_1_394' title='bbox 610 4057 809 4131; x_wconf 84' lang='lat' dir='ltr'><strong>studiaapplicet</strong></span> <span class='ocrx_word' id='word_1_395' title='bbox 823 4060 954 4114; x_wconf 81' lang='lat' dir='ltr'><strong>Accedunt</strong></span> <span class='ocrx_word' id='word_1_396' title='bbox 962 4058 1043 4112; x_wconf 84' lang='lat' dir='ltr'><strong>studia</strong></span> <span class='ocrx_word' id='word_1_397' title='bbox 1051 4058 1159 4113; x_wconf 87' lang='lat' dir='ltr'><strong>duorum</strong></span> 
     </span>
    </p>
   </div>
   <div class='ocr_carea' id='block_1_4' title="bbox 268 4138 1039 4224">
    <p class='ocr_par' dir='ltr' id='par_1_4' title="bbox 268 4138 1039 4224">
     <span class='ocr_line' id='line_1_40' title="bbox 268 4138 1039 4224; baseline 0 -22"><span class='ocrx_word' id='word_1_398' title='bbox 268 4138 313 4202; x_wconf 88' lang='lat'><strong>11.</strong></span> <span class='ocrx_word' id='word_1_399' title='bbox 1019 4139 1039 4224; x_wconf 76' lang='lat'><strong><em>4</em></strong></span> 
     </span>
    </p>
   </div>
   <div class='ocr_carea' id='block_1_5' title="bbox 0 0 1492 4944">
    <p class='ocr_par' dir='ltr' id='par_1_5' title="bbox 0 0 1492 4944">
     <span class='ocr_line' id='line_1_41' title="bbox 0 0 1492 4944; baseline 0 4"><span class='ocrx_word' id='word_1_400' title='bbox 0 0 1492 4944; x_wconf 95' lang='lat' dir='ltr'><strong> </strong></span> 
     </span>
    </p>
   </div>
  </div>
 </body>
</html>
