2976 4944
510 503 684 572 CAPUT
710 505 761 572 lt.
1120 503 1162 569 53

108 631 307 722 magnitudo
326 631 450 700 doloris
469 633 602 702 modum
622 633 814 703 excedentis
833 657 969 702 necesse
988 648 1041 700 est
1058 631 1165 701 dilec-

108 761 173 811 tum
191 747 376 815 verborum
394 750 538 842 eripiat,
555 773 659 841 quum
670 773 757 844 saepe
771 773 885 820 vocem
896 753 1043 843 quoque'
1060 750 1167 842 ipsam

109 860 326 929 intercludat.
351 865 539 956 Utcumque
565 867 739 948 connitur,
770 890 837 933 nou
865 863 989 934 fiducia
1010 865 1162 958 ingenii,

108 975 164 1044 sed
179 978 263 1069 quia
279 1003 412 1071 possum
434 982 540 1050 instar
561 982 801 1051 efficacissimae
819 981 1077 1054 consolationis²
1091 1006 1165 1050 esse

106 1093 309 1161 consolator.
332 1097 396 1162 Cui
413 1097 499 1164 nihil
519 1121 683 1190 negares,
708 1097 793 1165 huic
804 1089 820 1131 ³'
836 1098 902 1165 hoc
918 1097 1036 1191 utiquc
1054 1113 1086 1164 te
1098 1120 1166 1164 non

107 1235 179 1279 esse
197 1227 398 1304 negaturam
418 1214 523 1301 (licet
531 1214 640 1282 omnis
651 1237 775 1281 moeror
783 1229 959 1286 conmmsx
972 1213 1038 1302 sit)
1052 1236 1163 1306 spero,

106 1341 144 1393 ut
161 1325 335 1395 desiderio
352 1343 410 1395 tuo
427 1329 510 1396 velis
523 1353 543 1396 a
556 1353 609 1396 me
627 1327 762 1395 modum
779 1329 893 1395 statui.

152 1442 197 1508 11.
211 1441 301 1510 Vide
311 1459 473 1534 quantum
486 1441 529 1511 de
541 1441 754 1538 indulgentia
767 1457 825 1509 tua
837 1441 1049 1534 promiserim
1061 1441 1144 1510 mihi
1157 1467 1165 1506 :
1193 1465 1205 1498 ι

106 1559 332 1650 potentiorem
350 1584 404 1628 me
422 1559 573 1628 futurum
591 1558 683 1653 apud
702 1575 735 1627 te
754 1583 822 1627 nou
837 1556 954 1626 dubito
967 1607 981 1642 ,
993 1583 1098 1652 quam
1108 1556 1169 1628 do-

107 1672 212 1740 lorem
232 1687 353 1756 tuum,
375 1699 442 1766 quo
461 1675 548 1742 uihil
566 1690 617 1744 cst
634 1673 725 1767 apud
744 1675 884 1742 miseros
898 1674 1088 1767 potentius,
1101 1673 1169 1740 Ita-

50 1805 87 1820 “·
107 1810 172 1877 que
191 1811 238 1855 ne
252 1783 388 1856 statim⁴
408 1813 484 1857 cum
505 1813 544 1856 eo
567 1813 787 1871 concurram,
804 1788 907 1856 adero
929 1790 1025 1881 prius
1044 1788 1117 1870 illi,
1133 1803 1168 1860 et

106 1901 232 1991 quibus
245 1902 412 1969 excitetur
427 1895 455 1982 ⁵,
473 1903 648 1995 ingeram:
665 1905 777 1970 omnia
788 1903 978 1996 proferam,
996 1918 1030 1970 et
1042 1903 1167 1970 resciu-

107 2013 182 2082 dam
196 2008 210 2050 ⁶
224 2039 303 2106 quae
316 2016 389 2107 jam
406 2013 553 2084 obducta
566 2033 656 2085 sunt.
674 2019 774 2087 Dicet
789 2018 913 2109 aliquis
931 2044 939 2084 :
959 2044 976 2082 ιι
987 2014 1091 2110 Quod
1102 2017 1168 2086 boc
1191 2031 1206 2064 ²

111 2153 126 2190 s
147 2151 257 2220 genus
269 2145 322 2196 est
330 2129 524 2197 consolandi
538 2179 547 2212 ‚
560 2129 737 2202 obliterata
749 2131 835 2200 mala
847 2154 1007 2198 revocare
1019 2179 1028 2211 ,
1044 2144 1078 2198 et
1090 2129 1167 2198 aui-

113 2269 128 2304 ι
150 2267 243 2310 mum
263 2245 299 2310 in
321 2246 468 2312 omnium
488 2268 713 2312 aerumnarum
733 2269 868 2312 suarum
888 2259 1071 2337 conspectu
1096 2243 1167 2310 col-

112 2383 128 2416 ι
149 2355 287 2439 locare,
310 2357 365 2424 vix
389 2357 489 2426 unius
509 2358 716 2452 patientem?
734 2387 750 2422 ιι
771 2359 837 2428 Sed
853 2361 882 2426 is
898 2359 1044 2452 cogitet,
1071 2382 1166 2448 quae-

108 2495 253 2562 cumque
275 2495 383 2562 usque
403 2495 442 2540 eo
462 2467 767 2563 perniciosas'uut,
793 2491 831 2543 ut
849 2491 965 2542 contra
981 2472 1166 2542 remedium

109 2586 346 2654 convaluerint
359 2589 389 2669 ²,
404 2586 604 2680 plerumque
623 2589 801 2657 contrariis
817 2590 942 2656 curari.
962 2587 1089 2656 Omnes
1104 2587 1167 2654 ita·

108 2755 288 2826 fungeretur.»
306 2756 369 2808 ltem
383 2755 427 2808 lib.
446 2756 495 2819 Ν,
509 2776 560 2828 cap.
581 2756 621 2808 b:-
661 2753 1168 2830 ipsuminnuit.Quasidicereufiliobuie

108 2833 259 2904 «Coniuges
269 2851 359 2884 eorum
366 2832 468 2886 illustris
473 2832 611 2907 ibieaugui·
662 2835 702 2888 eui
708 2835 923 2907 nihiltunegares,
934 2852 986 2885 uon
993 2830 1108 2905 negabis,
1116 2843 1162 2883 etc.

109 2910 232 2974 abactas
240 2911 512 2986 allocutumperituros
519 2914 611 2966 viros.»
696 2914 728 2964 ll.
740 2915 809 2964 Atto.
823 2911 980 2971 Consilium,
992 2911 1060 2979 quod
1071 2909 1099 2961 ia
1111 2927 1168 2961 cou-

143 3007 164 3039 ι.
183 2988 280 3041 Omnis
302 2999 432 3041 anunm...
451 2991 614 3043 intercludat.
663 2987 1169 3060 solandamatresequivult,iudicatdlla·
1191 3033 1193 3038 ,

109 3067 183 3119 Ratio
193 3066 222 3118 iu
236 3087 267 3119 eu
281 3069 360 3139 posita
370 3087 421 3120 esse
433 3067 542 3128 videtur,
548 3069 617 3139 quod
664 3067 688 3120 la
694 3065 784 3135 igitur,
794 3085 852 3134 quar
859 3066 909 3140 iam
919 3064 1077 3138 perpremit,
1087 3063 1169 3125 matri,

111 3145 262 3218 ituagiuatio
279 3146 358 3198 nimis
378 3146 447 3199 luctu
460 3146 578 3212 usitata,
594 3160 619 3200 et
666 3155 693 3195 ut
703 3139 1169 3214 sibiquasiviammuuiatadcousola·

111 3224 172 3277 mali
183 3225 335 3278 notionibus
345 3225 406 3277 adeo
414 3225 514 3299 abrepta
522 3238 545 3277 et
554 3237 619 3278 extra
667 3221 776 3282 tionem,
789 3219 816 3272 iu
829 3219 979 3273 memoriam
990 3231 1104 3285 revocat,
1114 3238 1171 3290 spe-

112 3320 139 3355 se
157 3303 223 3355 elata
239 3313 289 3364 est,
305 3314 346 3366 ut,
361 3321 416 3372 quse
431 3303 528 3356 sentiat·
538 3302 620 3355 verbis
668 3315 726 3349 rans
737 3297 790 3350 lore
800 3309 842 3361 ut,
863 3296 903 3350 bis
914 3297 1015 3371 propius
1028 3296 1170 3371 perpensis,

113 3378 265 3452 vulgaribus
277 3378 357 3432 multo
368 3379 470 3431 l'ortiora
482 3379 621 3444 censendo,
667 3376 1041 3446 hoeuuummalum,quouuuc
1049 3377 1173 3450 opprima-

116 3457 272 3530 imagiuibus
279 3457 410 3527 verbisque
417 3456 486 3509 baud
493 3457 621 3510 sollemni·
669 3466 724 3520 tur,
741 3454 839 3509 lucilius
853 3456 971 3526 perierat,
984 3454 1120 3524 adeoque
1129 3473 1173 3505 aa·

115 3535 621 3606 busatquecoustntrtiouibusverborum
670 3533 821 3585 teresseriut.

116 3611 238 3664 inauditis
247 3623 341 3676 utatur,
350 3611 473 3682 ideoque,
482 3613 551 3682 quasi
563 3633 622 3665 vero
704 3610 727 3673 4.
747 3609 789 3661 Ne
801 3613 900 3662 slutim.
914 3610 1015 3682 Lipsius
1028 3611 1176 3662 mavultnec

118 3707 149 3741 ue
159 3689 217 3742 baec
225 3689 330 3760 quidem
337 3689 622 3759 adjumentasulliciaut‚
673 3692 770 3739 statim.
784 3686 892 3759 Vulgata
905 3699 989 3739 tamen
1002 3687 1131 3760 probaret.

118 3765 343 3818 exclamationibus
363 3768 521 3840 abruptisque
546 3767 624 3821 locu·
706 3766 729 3817 5.
740 3764 875 3831 Ingeram.
890 3763 1001 3828 Putabo,
1016 3763 1165 3816 conciliabo.

119 3841 456 3899 tionibuseusasuaefferrr
473 3844 624 3898 concitetur.
705 3841 1175 3896 &Resciodumdleuovabovioleuter

151 3923 625 3991 ninsturefficurs‘sss'moecunsoluts'u
673 3923 726 3986 (de
738 3921 882 3975 vulneribus
900 3922 949 3992 jam
971 3921 1060 3974 roratis
1075 3919 1177 3993 propria

121 3998 160 4049 uis
171 4002 325 4051 modulor.
336 3999 370 4051 ll.
383 4021 404 4052 e·
421 4012 445 4053 te
456 3997 627 4053 effimeissime
676 3999 751 4053 verba
771 4003 910 4053 nsciudm
928 4013 952 4052 et
974 4001 1066 4051 obduci
1077 4017 1084 4051 ι
1100 3997 1179 4050 ovid.

123 4073 209 4140 solari,
220 4075 265 4127 tibi
277 4075 355 4128 instar
365 4076 448 4128 solatii
463 4089 488 4128 et
501 4074 629 4129 efficacia-
677 4076 752 4128 Trist.
763 4077 811 4141 Ul,
823 4097 861 4138 ιι,
870 4077 910 4130 63.
923 4077 1000 4129 Ouid.
1009 4077 1180 4138 Mesamxlt,
1277 4113 1281 4120 -

125 4151 178 4204 simi
189 4152 272 4204 solatii
289 4171 349 4206 ease.
680 4153 728 4219 543
738 4157 757 4218 ).

156 4227 179 4280 3.
194 4229 284 4282 (ἰωὴ...
302 4229 368 4280 huic.
390 4228 500 4300 Utraque
513 4249 589 4296 voce,
606 4249 631 4282 se
716 4233 992 4296 pommeranorum
1006 4235 1191 4286 CfflWssdllll'lssde
