2952 4938
389 437 485 510 ara.
512 437 610 528 vn,
637 437 745 510 alr.
772 433 913 511 xxvi.
1126 447 1192 515 aaa

116 573 238 640 neficii
258 565 332 640 loco
348 587 551 666 accepturus
566 567 635 654 est,
649 573 799 664 potuisse
814 571 972 640 reddere.
991 575 1190 667 Nunquam,
1222 618 1235 648 2

119 712 166 757 ne
183 711 331 782 querens
344 685 510 779 quidem,
531 687 640 756 dicam
658 715 664 754 :

253 877 445 898 ..........
466 833 607 918 Ejectum
619 835 728 908 litore,
743 851 882 920 egentem
931 911 935 922 1

243 933 382 1022 Excepi,
396 936 526 1021 stregai
541 937 664 998 demens
678 937 708 996 in
723 950 809 1018 parte
821 937 919 998 locavi
929 949 948 998 ¹.

117 1081 198 1146 Non
211 1093 262 1146 est
276 1080 339 1146 ista
349 1076 533 1146 admonitio
549 1105 556 1144 :
573 1079 762 1146 convicium
778 1083 864 1147 est².
882 1079 954 1148 lloc
968 1097 1018 1149 est
1030 1081 1065 1148 in
1077 1079 1191 1150 odium

116 1193 289 1262 beneficia
307 1192 496 1286 perducere
515 1220 523 1261 z
543 1193 610 1261 boo
622 1211 673 1261 est
685 1195 842 1278 efficere,
858 1213 897 1264 ut
910 1197 1080 1292 ingratum
1097 1224 1189 1282 esse,

117 1323 181 1375 aut
199 1308 317 1387 liceat,
336 1321 396 1373 aut
409 1307 520 1398 juvet.
540 1306 648 1390 Satis,
666 1308 870 1403 abundeque
883 1327 951 1390 est,
972 1312 1145 1380 submissis
1158 1329 1192 1380 et

121 1425 346 1494 familiaribus
365 1423 500 1506 verbis,
520 1423 921 1501 memoriamrevoeare:

244 1585 279 1652 Si
295 1588 372 1650 bene
390 1588 461 1668 quid
475 1589 511 1648 de
526 1599 556 1647 te
569 1586 685 1655 merui,
702 1585 758 1646 luit
771 1599 822 1647 aut
834 1585 890 1648 tibi
903 1587 1065 1670 quidquam

244 1685 346 1750 Dulce
360 1707 464 1748 meum
470 1684 491 1746 ³.

118 1840 184 1909 llle
214 1840 359 1907 invicem
386 1836 478 1906 dieat
503 1863 510 1903 :
533 1835 666 1928 Quidni
685 1841 879 1906 merueris?
901 1841 1045 1933 ejectum
1068 1843 1187 1922 litore,

120 1971 277 2048 egentem
293 1954 467 2047 excepisti.

170 2074 302 2144 XXVI.
329 2070 428 2140 «Sed
441 2069 550 2152 nibil,
570 2072 701 2162 inquit,
722 2074 918 2165 proficimus
945 2102 953 2141 :
974 2077 1186 2157 dissimulat,

120 2189 247 2258 oblitus
260 2201 333 2272 est,
349 2184 433 2278 quid
449 2185 558 2254 lacere
576 2179 738 2253 debeam⁴
752 2188 795 2253 t»
811 2184 947 2279 Quaeris
966 2213 1037 2257 rem
1050 2193 1191 2261 maxime

122 2300 368 2380 necessariam,
386 2313 421 2366 et
438 2299 475 2365 in
495 2322 562 2390 qua
579 2299 670 2366 hanc
694 2301 867 2368 materiam
885 2307 1109 2372 consummari
1128 2304 1190 2374 de·

121 2433 199 2497 cet,
220 2413 502 2507 quemadmodum
516 2415 643 2507 ingrati
659 2414 791 2483 ferendi
807 2417 875 2484 sint
886 2420 901 2485 t
913 2419 1050 2488 Placido
1063 2423 1187 2498 animo,

122 2548 318 2615 mansueto,
341 2555 474 2625 magno.
495 2533 678 2624 Nunquam
696 2547 729 2600 te
745 2548 811 2600 tam
826 2533 1051 2616 inhumanus,
1075 2554 1109 2604 et
1131 2540 1191 2606 im-

122 2671 263 2729 memor,
279 2663 313 2715 et
324 2647 479 2741 ingratus
492 2646 658 2731 offendat,
674 2663 794 2717 utnon
807 2665 919 2718 tamen
939 2649 1073 2720 dedisse
1094 2653 1189 2721 dele-

121 2779 202 2831 ctet.
214 2767 396 2856 Nunquam
409 2766 445 2832 in
458 2763 520 2832 baa
536 2787 633 2832 voees
648 2765 774 2857 injuria
788 2767 939 2858 impellat
956 2768 1191 2838 :Vellem'non

161 2973 179 3004 ι.
194 2953 311 3020 Ejectum
322 2956 428 3008 litora...
437 2956 527 3006 lucaei.
539 2953 633 3004 Versus
682 2952 740 3021 373.
758 2953 909 3008 Modestiam
929 2975 990 3008 vero
1005 2956 1101 3028 spirant
1115 2957 1192 3010 rerba

121 3045 181 3086 sunt
190 3033 392 3102 quibusAEneam
402 3031 561 3102 alloquitur«
571 3048 632 3081 me·
684 3045 707 3084 et
718 3031 902 3094 bumilitatem,
918 3033 970 3086 sive
982 3032 1106 3088 beneficia
1116 3055 1192 3088 eom·
1206 3035 1211 3046 '

121 3111 200 3162 ritura
211 3111 307 3162 crudeli
315 3111 403 3164 sunere
413 3109 482 3162 Dido
493 3131 507 3155 n
527 3108 554 3160 iu
568 3107 633 3158 Vir·
684 3111 780 3172 munia,
791 3110 1132 3184 hospitalitatem,alimenta‚
1140 3133 1193 3166 na-

122 3190 180 3261 gilii
195 3191 258 3241 AEn
270 3189 314 3241 lib.
324 3191 379 3254 lv,
394 3187 460 3254 373,
472 3188 528 3258 374.
683 3189 804 3257 viumque
820 3189 1038 3241 restaurandarum
1049 3190 1192 3244 facultatem

158 3287 180 3318 a.
193 3267 255 3320 Non
264 3279 303 3320 est
313 3269 366 3319 isla
375 3268 520 3318 adrnant'tr'o
532 3284 540 3316 .·
553 3267 636 3318 conoi-
684 3279 884 3332 commemorat,
896 3267 950 3320 aive
962 3281 986 3319 et
997 3287 1109 3320 amorem
1119 3289 1191 3321 sunm

122 3349 191 3398 ciam
204 3358 250 3398 est,
267 3346 356 3399 Codiei
370 3349 431 3399 Naa.
447 3345 515 3398 abest
531 3343 634 3417 negatio
685 3356 710 3395 et
720 3343 813 3395 furtiva
821 3343 947 3396 connubia
957 3343 1049 3396 innuit.

122 3445 190 3488 non,
202 3438 244 3479 aut
258 3429 312 3479 imo
328 3439 383 3498 post
401 3428 547 3478 admonitio
567 3443 635 3478 :nee
716 3423 814 3474 xxvi.
827 3426 895 3476 Atta.
906 3424 1044 3492 Quomodo
1055 3424 1148 3496 ingrati
1158 3428 1192 3476 le-

124 3503 228 3557 Seneere
240 3503 371 3556 familiaris
385 3516 421 3556 est
433 3521 499 3555 usus.
511 3501 573 3554 ldeo
587 3520 635 3551 ex·
684 3500 755 3552 rendi
768 3500 845 3552 sunt?
857 3502 933 3554 Multi
943 3514 1026 3554 autem
1041 3517 1112 3568 aunt,
1133 3505 1192 3574 quia

125 3582 210 3653 punxi.
224 3581 355 3635 Fabricius
371 3582 400 3633 in
416 3591 478 3634 nott.
494 3598 552 3631 rnss.
572 3597 634 3649 quas
683 3578 833 3632 multimali.

124 3659 161 3710 lo.
172 3657 298 3712 Gnrlittus
308 3659 347 3710 vir
356 3657 463 3711 amicita.
475 3655 549 3709 nobis
559 3675 633 3710 com·
716 3658 739 3722 4.
752 3655 807 3708 Sed
814 3656 904 3708 nitit„
915 3659 1031 3710 debeam.
1039 3658 1061 3711 l.
1070 3679 1091 3710 e.
1100 3657 1143 3710 ille
1151 3661 1192 3712 cui

123 3737 262 3788 manicavit
273 3737 300 3788 in
317 3736 481 3804 Wiededurg
490 3735 632 3790 tumenta.
683 3735 834 3788 beneficium
845 3737 998 3790 contulimus
1013 3737 1047 3789 ita
1056 3751 1092 3790 est
1101 3739 1193 3812 ingra-

124 3813 267 3884 Magazin,
278 3829 339 3868 tom.
350 3817 392 3882 V,
408 3816 438 3881 4,
450 3837 474 3888 p.
488 3815 537 3882 348
550 3815 634 3867 iuter·
673 3825 720 3866 'tas
735 3827 764 3865 ut
782 3814 848 3867 nibil
866 3815 957 3868 nastris
977 3815 1192 3868 admonitionibus

125 3907 435 4042 ¹‘“t.¹t',·²²n'2⁰ti?t‘’t
456 3981 480 4024 a
500 3975 584 4023 mear
584 4008 632 4023 ......
681 3892 1191 4042 111ἒῖ1311ἑῖῗῖἒῖζέ[ἰὲ1111ῗέ1

125 4069 218 4103 meram.
230 4051 262 4103 Et
271 4049 325 4103 bac
333 4049 580 4122 quoquevirgiliaaa
588 4049 633 4100 Di·
682 4047 800 4100 Deberem
812 4048 839 4099 in
849 4047 970 4118 singulari
981 4048 1056 4113 dicit,
1068 4045 1190 4118 pluralem

125 4130 176 4194 do,
189 4149 267 4200 quum
277 4151 335 4182 mox
344 4131 513 4202 proiecturum
522 4129 633 4180 AEneam
678 4127 905 4194 proficimusantea
913 4139 1059 4199 usurpatum
1067 4124 1193 4178 inimim-

125 4206 273 4281 tompellat,
284 4207 389 4261 AEneid·
399 4208 443 4260 lib·
452 4209 502 4270 lV,
515 4225 563 4258 vas.
573 4205 632 4276 374,
681 4223 786 4255 memor.
