2954 4926
300 475 398 564 nin.
428 495 501 580 vr,
528 493 635 562 cur.
663 475 864 561 xxxru.
1053 497 1119 594 or,

57 621 213 721 Qumis,
236 617 321 718 quid
340 625 432 694 felici
451 639 612 717 praestare
628 621 892 715 possisleffice,
910 648 954 691 ne
969 625 1119 696 felicitati

57 765 122 814 suae
139 741 279 821 credat,
300 757 338 810 ut
351 743 436 810 sciat
452 739 544 808 illam
563 738 677 830 multis
690 753 723 805 ct
740 737 818 805 fidis
838 738 993 809 manibus
1012 745 1123 812 conti-

60 855 217 926 nendam.
237 857 361 924 Parum
375 856 412 922 in
426 854 521 922 illum
535 849 737 932 contuleris,
756 851 855 918 tsi-illi
870 854 974 921 semel
987 857 1123 926 stultam
1150 893 1164 920 η

58 969 214 1040 fiduciam
234 983 469 1063 permansura
484 991 620 1061 semper
637 966 797 1060 potentiue
821 970 1028 1052 excusseris,
1057 971 1125 1040 do-

58 1088 236 1178 cuerisque
257 1085 395 1156 mobilia
409 1108 484 1154 esse
502 1108 577 1176 quae
589 1081 686 1151 dedit
696 1102 813 1165 casus,
833 1098 869 1151 et
882 1086 1008 1177 majore
1022 1097 1126 1158 cursu
1186 1133 1190 1148 ι

59 1203 176 1295 lugere
199 1225 304 1294 quom¹
325 1202 493 1270 veniunt:
516 1223 580 1268 neo
604 1198 659 1266 his
684 1196 921 1290 portionibus,
940 1200 1064 1291 quibus
1081 1203 1126 1271 ad

58 1340 186 1388 sununs
202 1333 402 1411 perventum
423 1332 494 1397 est,
521 1331 613 1384 retro
629 1315 695 1394 iti,
717 1312 776 1382 sed
800 1338 889 1407 saepe
906 1315 997 1384 inter
1018 1319 1127 1389 fortn-

57 1449 133 1506 'nam
147 1435 326 1506 maximum
343 1449 378 1509 et
390 1434 542 1502 ultimam
559 1432 647 1502 nihil
656 1433 828 1499 interesse
839 1435 847 1465 ¹
860 1432 875 1498 Ρ
889 1434 1006 1503 Nescis
1019 1461 1129 1529 quau-

59 1569 128 1622 tum
147 1529 192 1622 sit
207 1555 354 1646 pretium
369 1552 552 1632 amicitiast
568 1551 596 1616 si
612 1573 680 1616 non
696 1547 862 1641 intelligis
880 1549 1022 1619 multum
1043 1561 1077 1622 te
1095 1557 1128 1622 ei
1233 1555 1234 1558 ’

58 1667 241 1749 daturum,
256 1668 311 1736 cui
324 1665 461 1736 dederis
472 1667 617 1734 amioum
630 1714 640 1747 ,
651 1685 724 1732 rem
733 1687 803 1732 uon
814 1663 971 1735 domibus
984 1683 1126 1750 tantum,

58 1782 118 1850 sed
139 1781 274 1852 saeculis
289 1796 423 1866 raram,
453 1805 528 1875 quae
551 1805 620 1850 non
637 1779 744 1848 aliubi
766 1781 874 1874 magis
891 1781 1006 1866 deest,
1029 1777 1130 1878 quam

57 1897 117 1964 ubi
133 1894 290 1966 creditur
305 1898 494 1968 abundare.
515 1897 639 1990 Quid?
656 1897 737 1964 istos
756 1909 792 1964 tu
809 1893 953 1981 libros²,
975 1925 1059 1992 quos
1076 1905 1131 1969 vix

59 2011 351 2084 nomenclatorum
369 2014 612 2106 'complectitur
627 2029 687 2080 aut
708 2015 890 2094 memoria,
911 2001 1128 2100 aut-manus,

58 2132 249 2204 amicorum
262 2131 515 2200 existimasesse
525 2131 624 2197 ttton
635 2143 715 2196 suut
725 2117 780 2197 isti
789 2125 888 2198 amici
901 2181 910 2214 ,
924 2135 988 2223 qui
997 2137 1132 2227 agmine
1159 2143 1175 2203 3

59 2265 187 2340 magno
197 2247 338 2340 januam
354 2241 528 2340 pulsant³,
545 2247 610 2338 qui
629 2247 807 2339 imprimas
830 2264 864 2315 et
885 2243 1050 2319 secundas
1067 2254 1134 2321 ad-

60 2365 241 2434 missiones
251 2357 495 2458 digeruntur‘.
507 2361 723 2432 Consuetudo
734 2364 799 2430 ista
811 2380 908 2432 vetus
919 2381 970 2433 est
979 2361 1130 2462 regibus,

59 2503 235 2574 rogesque
253 2480 510 2564 simulantibus,
534 2480 695 2572 populum
710 2481 897 2549 ¹amicorum
923 2481 1131 2556 detentere..

60 2599 121 2664 Est
142 2597 320 2690 proprium
338 2595 528 2689 superbiae,
558 2620 680 2689 magno
708 2598 872 2664 estimare
895 2600 1070 2668 introitum
1096 2624 1137 2671 sc

59 2727 194 2778 tactum
209 2710 261 2776 sui
277 2709 426 2790 liminis,
441 2724 475 2777 et
488 2733 550 2803 pro
562 2710 692 2777 bonore
704 2709 807 2791 dare,
827 2725 866 2782 ut
879 2712 963 2779 ostio
981 2736 1041 2780 suo
1057 2735 1138 2808 pro-

58 2828 144 2918 pius
164 2824 332 2907 assiduas,
354 2839 391 2894 ut
410 2825 550 2918 gradum
571 2826 665 2918 prior
683 2827 771 2894 intra
792 2827 925 2896 domum
945 2851 1073 2921 ponas,
1101 2833 1137 2898 iu

55 3103 99 3143 'est
111 3091 184 3143 bons
194 3103 218 3141 et
227 3102 293 3143 recte
302 3090 415 3142 consilia.
426 3089 469 3141 Sic
478 3088 578 3142 Croesus
628 3102 713 3141 carent
724 3088 848 3142 similibus
861 3090 992 3162 exemplis,
1004 3109 1079 3162 quarn
1089 3094 1138 3145 lra-

57 3170 217 3232 veritatem,
231 3185 307 3238 quem
324 3166 405 3220 Solon
422 3167 488 3240 opud
498 3167 580 3218 llero·
628 3165 687 3238 pilis
697 3167 728 3218 sit
736 3169 836 3220 fortuna
843 3167 970 3235 humens,
981 3169 1137 3224 setisdoeen·

57 3248 156 3300 dotum
167 3284 175 3311 ,
189 3245 233 3298 tth.
243 3247 255 3296 l
262 3285 270 3309 ,
284 3263 338 3316 cap.
348 3244 389 3306 30,
400 3245 423 3296 ei
436 3244 510 3307 dixit,
521 3261 580 3316 gra-
628 3241 705 3299 tibus:

58 3326 133 3378 viter
143 3323 202 3377 tulit
211 3321 362 3387 ,blandities
372 3322 522 3393 preferens,
535 3320 578 3374 sed
639 3315 643 3318 ’
662 3340 685 3373 2.
704 3321 801 3392 Quid?
810 3325 874 3375 istos
887 3333 916 3375 tu
926 3323 1006 3376 ttbms
1020 3325 1066 3378 :in
1078 3329 1138 3398 qui-

59 3421 128 3454 mox
137 3399 235 3472 optavit
245 3407 291 3464 ,ut
301 3412 400 3471 semper
407 3398 509 3451 Solonis
517 3417 580 3450 mo-
629 3398 777 3451 bussmicos
788 3409 812 3450 et
821 3399 926 3454 clientes
938 3401 1077 3456 identidem
1093 3423 1139 3458 sa-

56 3480 121 3531 nita
137 3477 283 3532 audivisset.
297 3478 396 3544 Laudat
409 3477 518 3550 apposite
537 3477 581 3529 Li·
629 3475 736 3529 lntsntes
746 3476 899 3530 nominatim
908 3490 982 3550 etque
992 3479 1082 3533 ordine
1094 3481 1138 3534 de-

57 3557 138 3630 psins
149 3556 318 3628 fragmentum
326 3553 412 3608 Critiae
427 3555 521 3608 subet
535 3555 582 3607 do·
631 3554 742 3626 signatos
754 3573 824 3619 esse,
838 3554 898 3609 inde
919 3555 1038 3630 colligere
1058 3556 1137 3610 lieet:

57 3635 106 3686 ril.
120 3653 147 3706 p.
167 3633 231 3694 des,
246 3632 286 3686 ed.
300 3631 402 3685 Ssbow.
631 3651 694 3702 qnos
705 3643 742 3684 tot
753 3644 871 3704 tantaque
880 3634 986 3686 nomina
997 3633 1138 3708 complexos

102 3703 280 3780 s.Sed·soepe
280 3746 339 3763 .......
348 3714 474 3765 interesse.
491 3712 584 3764 Noster
631 3711 708 3764 tuine
719 3712 803 3777 tit,ut
811 3731 844 3764 ne
855 3712 963 3766 maxime
974 3713 1076 3784 quidem
1086 3733 1140 3764 roe·

58 3793 98 3844 de
111 3787 260 3859 Tranquill.
271 3809 293 3842 e.
304 3789 342 3842 lll
352 3789 452 3861 egregie
460 3790 491 3842 de
502 3788 549 3842 hec
556 3807 582 3842 re
631 3789 713 3840 morie
724 3827 732 3854 ,
745 3807 766 3840 e.
779 3808 800 3842 c.
809 3790 1044 3854 nomenclatorum,
1059 3791 1090 3843 iis
1099 3811 1139 3845 re·

56 3866 191 3922 disseruit
202 3883 208 3917 :
218 3867 263 3918 sed
280 3858 350 3920 b'ore
361 3878 535 3933 momentum,
548 3865 584 3919 sit
631 3866 743 3920 tinendls
755 3867 890 3921 sul'l'ecerit.

57 3949 132 4017 §⁸2
150 3946 253 3998 interest
269 3945 336 4000 inter
349 3947 443 4000 solium
458 3959 483 3999 et
500 3947 583 4001 eliens
664 3943 687 3996 3.
700 3945 761 3998 Non
762 3979 804 3998 .....
811 3948 923 4014 pulsant
931 3945 1068 3999 salutaturi.

58 4043 167 4099 genua.
179 4025 354 4094 Quam‘rnulte
361 4025 473 4099 exempla
480 4025 585 4079 historia
667 4023 691 4088 l·
700 4020 758 4091 Qui
757 4060 805 4076 ......
810 4025 968 4094 digeruntur.
979 4023 1019 4078 Cf.
1031 4025 1062 4078 de
1076 4008 1140 4076 dte-

57 4103 305 4177 nobieprebuit'i'u
320 4103 406 4158 Croeso
417 4145 424 4170 ,
436 4105 514 4157 Dario
528 4103 585 4157 Co·
634 4102 745 4167 meutl,
762 4121 805 4167 ro,
821 4121 842 4164 t,
851 4117 904 4156 not.
916 4105 1077 4162 llonestioros
1087 4104 1139 4158 sive

59 4185 219 4245 dormanno,
233 4179 332 4245 Perseo,
344 4181 467 4255 Jugurtbe
480 4179 584 4252 aliisque
634 4180 721 4252 primes
729 4179 905 4248 admissionis,
919 4183 993 4256 primi
1003 4183 1033 4236 sd
1045 4183 1142 4252 salutess

59 4282 97 4314 ee
128 4259 276 4330 antiquitate
290 4276 297 4311 ι
312 4277 360 4312 nee
374 4271 459 4312 nostra
473 4271 584 4330 tempore
635 4258 729 4312 tionem
742 4259 860 4326 admissi,
871 4270 918 4314 ete.
