2976 4950
278 389 347 476 tte
621 383 690 454 nu
713 381 1017 455 ssuurrcus

277 509 418 578 lentium
431 507 608 578 hominum
617 531 659 576 ex
672 507 808 577 fortune
817 505 1041 601 pendentium
1053 511 1079 590 ¹,
1093 504 1357 581 vindicandum-3

279 651 348 719 que
361 625 420 720 jus
435 625 595 696 beneficii
613 623 717 694 dsudi
734 648 755 693 u
771 626 899 704 servis,
920 639 959 692 ut
977 647 998 692 s
1015 623 1120 692 filiis²
1134 649 1273 718 quoque
1285 628 1356 696 viu-

280 744 467 814 diesretur.
490 742 668 835 Queritur
687 742 800 824 enim,
820 765 869 810 an·
888 738 1071 832 aliquunde
1096 739 1199 808 liberi
1225 743 1355 834 majora

279 863 449 932 beneficis
462 861 544 930 dare
558 859 757 954 parentibus
773 860 844 928 suis
856 859 987 953 possint
997 843 1012 942 ‚¹
1021 883 1124 950 quam
1138 861 1356 952 acceperint?

278 978 370 1050 Illud
388 976 609 1058 coneeditur,
638 977 762 1046 multos
788 977 877 1045 filios
905 975 1050 1068 majores
1074 977 1355 1070 potentioresque

280 1097 449 1180 extitisse,
469 1120 570 1188 quum
588 1109 747 1188 parentes
766 1118 844 1163 suos
865 1120 875 1162 t
896 1117 993 1186 teque
1011 1110 1046 1162 et
1062 1093 1171 1176 illud,
1195 1096 1355 1166 meliores

239 1217 254 1249 ²
280 1212 397 1282 fuisse.
423 1207 529 1302 Quod
553 1210 582 1276 si
599 1223 751 1290 onustat,
772 1222 884 1302 potest
901 1209 979 1276 fieri
1004 1223 1044 1275 ut
1062 1207 1203 1277 meliors
1222 1208 1356 1278 tribue-

279 1329 363 1411 rint,
379 1351 484 1419 quum
494 1342 529 1394 et
543 1324 678 1393 fortuna
691 1324 759 1393 illis
772 1325 879 1417 msjor
892 1340 992 1407 esset,
1005 1340 1039 1392 et
1051 1325 1172 1393 melior
1180 1325 1351 1396 voluutas.

283 1437 508 1534 «Quidquid,
525 1439 651 1530 inquit,
670 1453 732 1521 est,
750 1437 843 1531 quod
857 1437 915 1506 dut
928 1439 1019 1532 putri
1033 1438 1139 1524 iilius,
1156 1441 1279 1532 utique
1292 1442 1356 1510 mi-

280 1581 345 1626 nus
364 1571 437 1638 est,
459 1555 540 1646 quia
557 1549 647 1624 hane
663 1555 771 1650 ipsam
788 1553 893 1623 dandi
912 1553 1105 1624 fuculmtem
1119 1557 1210 1648 patri
1234 1555 1351 1625 debet.

279 1673 332 1742 itu
350 1693 524 1762 uunquam
541 1669 711 1740 beneficio
735 1671 810 1762 ejus
829 1671 1004 1753 vincitur,
1026 1671 1124 1764 eujus
1145 1671 1356 1742 beneficium

280 1804 332 1858 est
346 1789 478 1881 ipsum,
499 1783 593 1878 quod
606 1781 791 1856 vincitur³.
813 1813 830 1850 ιι
850 1788 1025 1871 Primum,
1041 1779 1198 1879 ‹puaedsm
1217 1790 1355 1858 initium

279 1903 325 1974 ab
342 1904 420 1972 aliis
440 1903 605 1986 trahunt,
627 1918 793 1972 ettamen
811 1903 919 1971 initiis
938 1903 1008 1971 suis
1026 1905 1154 1996 majora
1170 1921 1262 1973 sunt.
1282 1909 1355 1974 Nec

280 2022 358 2091 ideu
376 2019 509 2113 aliquid
527 2045 596 2090 nou
616 2037 667 2090 est
685 2021 792 2113 majus
809 2045 849 2088 eo
865 2045 933 2112 quo
948 2013 1093 2113 coepit⁴‚
1111 2023 1192 2113 quis
1207 2047 1278 2091 non
1297 2047 1356 2117 po·

282 2139 401 2206 tuisset
414 2137 451 2204 in
465 2153 596 2206 tentum
608 2136 794 2230 procedere
807 2185 817 2218 ‚
834 2137 901 2204 nisi
913 2138 1082 2231 empisset.
1097 2137 1199 2206 Nulla
1213 2163 1284 2207 non
1298 2163 1354 2207 res

240 2266 256 2317 3
281 2255 453 2349 principis
472 2277 533 2324 suu
552 2277 675 2348 magno
692 2253 801 2349 gradu
819 2255 954 2322 transit.
973 2255 1110 2324 Semina
1129 2258 1281 2326 omnium
1295 2280 1352 2325 re-

279 2395 355 2438 rum
373 2393 474 2438 eausn
493 2385 598 2438 suut:
621 2387 656 2438 et
680 2387 793 2438 tumen
821 2371 968 2437 minimae
997 2387 1110 2463 partes
1133 2388 1212 2440 sunt
1234 2397 1353 2441 eorum

280 2508 356 2578 quae
371 2486 529 2580 gignunt.
541 2485 688 2580 Adspice
704 2486 875 2571 Rhenum,
891 2485 1029 2581 adspice
1040 2485 1264 2580 Euphratem,
1282 2513 1354 2558 om-

280 2625 341 2670 ues
354 2601 504 2694 denique
517 2603 667 2696 inclytos
679 2625 795 2670 amnes
813 2628 821 2669 :
838 2601 923 2693 quid
936 2619 1031 2688 sunt,
1046 2605 1072 2670 si
1087 2604 1163 2672 ilios
1175 2604 1248 2672 illie
1261 2602 1354 2674 uude

280 2717 443 2801 effluunt,
465 2719 638 2787 aestimes?
654 2715 836 2811 Quidquid
852 2734 987 2811 estque
1005 2721 1193 2804 timentur,
1210 2745 1280 2814 quo
1292 2746 1354 2790 uo-
1424 2744 1436 2752 ·

280 2837 472 2918 minantur,
493 2837 530 2905 iu
545 2858 707 2929 proeessu
726 2829 969 2928 parauerunt⁵.
986 2836 1086 2904 Tolle
1106 2836 1280 2923 radicem,
1297 2861 1354 2906 ne

239 2968 256 3034 4
281 2973 374 3020 mora
392 2976 461 3020 nou
480 2968 622 3046 surgent
635 2978 645 3038 ς
660 2975 724 3020 nec
739 2953 824 3022 tanti
837 2967 967 3021 montes
984 2954 1185 3022 vestientur.
1203 2952 1353 3048 Adspice

280 3152 360 3206 mults
368 3150 449 3204 initiis
455 3151 506 3203 suis
513 3152 611 3224 maiore
619 3164 692 3205 stste.
698 3151 792 3225 Sieps·
838 3165 918 3227 puter.
929 3154 993 3209 Hoc
1003 3155 1090 3208 omnis
1101 3155 1177 3229 punio
1187 3155 1321 3208 subtilior·
1329 3167 1354 3208 st

280 3244 318 3286 tre
328 3230 457 3284 interdum
473 3229 581 3299 majora
589 3227 638 3282 filii
649 3241 720 3295 tunt,
733 3229 793 3282 lieet
841 3229 948 3284 obscur·
957 3243 1016 3286 sunt
1027 3249 1035 3286 t
1046 3233 1185 3304 Logvnnps
1193 3233 1271 3287 vertit
1283 3235 1353 3289 :Ju-

281 3307 336 3360 sins
361 3319 431 3380 patre
451 3326 504 3360 uun
523 3318 660 3380 putuerunt
679 3307 707 3359 in
727 3306 793 3360 issue
841 3311 1352 3380 matitepsnmpeutstresmpasse'm

281 3385 488 3460 magnitudinem
502 3405 555 3438 me
566 3385 681 3438 evehere
841 3385 973 3456 diensat'ts,
986 3390 1099 3456 pisisque
1111 3407 1144 3441 sa
1157 3389 1255 3462 dg'firite
1268 3391 1353 3444 mom

320 3482 339 3518 t.
356 3464 503 3518 Hominum
514 3463 663 3536 exsertum
680 3464 794 3532 pendat·
841 3464 1085 3536 semt'tmdt'fflsut't
1095 3469 1128 3520 de
1138 3487 1170 3518 sa
1179 3477 1251 3536 part.

280 3546 355 3597 uum.
371 3541 477 3596 Divitiis
487 3541 645 3596 effluentium
655 3579 663 3608 ,
676 3554 700 3593 et
709 3540 741 3593 iis
750 3561 795 3594 su-
874 3539 899 3604 4.
910 3542 1003 3609 Maius
1013 3561 1043 3596 eo
1053 3563 1105 3614 quo
1117 3549 1199 3614 toepit.
1208 3545 1253 3600 Sis
1263 3566 1353 3599 omnes

282 3621 414 3676 luminoso
424 3641 452 3674 ss
463 3641 560 3690 tueque
571 3620 740 3672 metientium.
842 3618 947 3672 codd-et
958 3619 1089 3675 eddd’ine.
1099 3635 1185 3675 temen
1193 3622 1260 3695 couj-
1270 3643 1289 3674 a
1301 3643 1353 3692 pne

317 3719 341 3752 n.
353 3697 391 3752 Ut
402 3701 505 3769 «sfiliis.
521 3699 624 3772 Quippe
636 3699 681 3768 qui
688 3697 737 3751 sub
748 3718 793 3772 pu·
841 3703 924 3766 coepit.

279 3776 330 3830 tris
347 3789 465 3848 potestate
482 3789 575 3842 erunt,
592 3775 701 3846 ideoque
715 3774 793 3828 servis
876 3776 1353 3848 5.Qut'dquidest...pumemnt,ms·

282 3856 388 3911 similes.
841 3853 929 3904 teriam
943 3853 1083 3906 incutiendi
1091 3853 1208 3908 timorem
1219 3869 1245 3908 et
1254 3858 1354 3910 fumum

316 3933 342 3988 3.
363 3935 444 3998 Cujus
465 3931 793 4002 bemfictm......m'mttur.
841 3928 1290 4001 sibissquirendinondumhsbuere
1297 3933 1354 3986 Eu·

283 4013 363 4066 Vinci
382 4009 506 4066 benefitio
527 4032 542 4064 a
560 4022 630 4085 patre
653 4010 767 4063 manavit
784 4049 792 4074 ‚
840 4011 948 4078 pirates
959 4011 987 4063 in
995 4012 1123 4066 montibus
1135 4014 1355 4079 Annenimfflte-

282 4092 344 4162 quis
363 4091 416 4165 ipss
427 4091 472 4162 qui
482 4090 564 4144 vineit
574 4126 581 4153 ,
593 4087 621 4140 id
631 4101 668 4142 est
683 4086 752 4142 filius
761 4125 769 4154 ,
779 4108 795 4140 a
842 4107 942 4158 nusqtoe
955 4088 983 4141 in
995 4089 1125 4143 montibus
1139 4090 1264 4145 Helvetia
1283 4108 1291 4144 t
1303 4111 1354 4144 no·

283 4183 356 4240 putre
369 4167 495 4242 originem
508 4165 793 4221 hebet-misam.
843 4165 952 4220 mineus
975 4168 1076 4221 videtur
1094 4168 1140 4222 hos
1162 4169 1267 4237 fluvius,
1293 4171 1355 4240 quis
