2954 4926
386 470 481 548 Llll²
509 470 582 558 Vl,
610 470 719 538 CAP.
746 467 875 535 XXV.
1098 469 1163 536 613

80 605 187 697 ‚pisse
204 625 239 669 se
256 600 415 693 aquibus
434 625 537 692 quum
553 602 694 678 maxime
713 601 854 692 accipit'
869 600 959 690 3-qui
978 613 1011 666 et
1035 621 1168 691 semper
1240 649 1244 659 .

95 724 211 793 daturi
230 737 329 805 sunt,
348 735 384 790 et
397 745 570 814 nunquam
590 720 786 815 recepturi?
801 719 940 810 Quanta
954 734 1066 786 antem
1085 741 1169 811 per-

95 841 261 922 versitas,
282 839 327 910 ob
343 839 408 911 lton
424 839 527 908 alicui
545 863 613 908 non
628 837 775 921 debere,
795 839 876 931 quia
895 837 997 904 etiam
1009 837 1168 904 infitianti

97 959 272 1052 benignus
283 973 356 1040 est,
374 972 408 1026 et
422 953 707 1032 continuationem
723 959 848 1051 ipsam,
861 956 1051 1047 seriemque
1065 954 1172 1024 bene-

98 1078 278 1158 liciorum,
300 1090 537 1169 argumentum
555 1099 675 1144 vocare
692 1074 884 1142 necessario
908 1070 1043 1142 dantis?
1061 1067 1165 1138 Nolo!
1198 1107 1210 1154 7

98 1193 168 1260 sibi
187 1187 328 1262 habeat!
351 1191 428 1283 quis
445 1171 540 1260 illuni
554 1190 675 1285 rogat?
693 1206 728 1258 et
742 1213 857 1260 omnes
869 1188 952 1256 alias
965 1185 1173 1282 impudentis

98 1310 207 1382 animi
224 1333 325 1378 voees
342 1308 397 1378 his
414 1307 551 1378 adstrue
570 1335 578 1376 ι
595 1333 664 1378 non
683 1308 761 1376 ideo
778 1306 821 1376 de
842 1324 875 1376 te
894 1308 1006 1376 minus
1024 1322 1174 1380 meretur

92 1429 154 1508 is,
171 1427 267 1520 cnjus
292 1425 477 1501 liberalitas
494 1426 538 1494 ad
556 1440 608 1508 te,
631 1427 730 1493 etiam
751 1422 831 1492 dnm
848 1447 970 1517 negas,
989 1424 1146 1516 pervenit
1163 1453 1172 1508 3

99 1544 270 1636 cujusque
297 1541 540 1612 beneficiorum
567 1541 621 1612 vel
648 1541 713 1629 hoe
737 1542 938 1622 maximum,
960 1537 1052 1632 qnod
1074 1541 1175 1612 etiam

90 1661 262 1751 ¹querenti
281 1658 423 1728 daturus
440 1673 503 1728 est.

152 1777 282 1846 XXIV.
299 1778 375 1844 Non
389 1774 506 1859 vides,
523 1774 807 1869 quemadmodum
825 1790 976 1844 teneram
991 1774 1175 1845 liberorum

101 1891 282 1960 infantiam
308 1908 467 1986 parentes
490 1893 534 1962 ad
557 1892 743 1960 salubrium
768 1913 881 1960 rerum
899 1892 1095 1986 patientiam
1113 1913 1177 1958 eo-

102 2025 188 2102 gant
200 2011 215 2077 l
225 2009 398 2078 Flentium
408 2031 550 2103 corpora
564 2059 572 2091 ,
584 2009 916 2102 acrepugnantium,
930 2006 1086 2100 diligenti
1096 2031 1177 2074 cura

104 2125 247 2194 lavent:
269 2142 302 2194 et
314 2149 359 2194 ne
376 2125 527 2194 membra
546 2125 685 2194 libertas
703 2127 881 2192 immatura
899 2123 1121 2215 detorqueat,
1142 2123 1176 2190 in

104 2255 239 2310 rectum
259 2242 390 2310 exitura
404 2243 684 2336 constringunt²s
709 2258 744 2310 et
770 2265 847 2308 mox
872 2241 1028 2309 liberalis
1044 2233 1177 2308 3studia

105 2357 301 2443 inculcant,
322 2357 476 2426 adhibito
497 2361 617 2428 timore
633 2359 839 2428 nolentibus.
856 2359 909 2426 Ad
926 2357 1082 2450 ultimum
1094 2405 1103 2438 ,
1117 2379 1177 2426 an·
1201 2401 1221 2433 .,

104 2475 228 2544 dacem
236 2476 411 2568 juventam
423 2470 436 2519 ⁴
448 2475 663 2570 frugalitati,
679 2474 826 2569 pudori,
844 2476 995 2544 muribus
1009 2474 1129 2558 bonis,
1148 2474 1175 2540 si

104 2617 229 2686 parum
244 2595 409 2685 sequitur,
432 2609 579 2661 coactam
596 2577 780 2688 applicant.
799 2591 1076 2660 Adulescentibus
1088 2613 1176 2682 quo-

103 2733 196 2800 que,
212 2707 336 2800 sejam
349 2707 545 2801 potentibus
557 2711 609 2778 sui
621 2701 648 2791 ⁵,
665 2710 693 2776 si
711 2707 861 2778 remedia
875 2723 965 2776 metu
981 2720 1039 2776 aut
1052 2708 1176 2780 intsm-
1286 2731 1290 2738 '

102 2828 262 2919 perantia
276 2825 453 2918 rejiciunt,
466 2827 515 2894 vis
528 2825 711 2894 adhibetur
722 2851 763 2917 ae
774 2825 931 2894 servitus.
944 2827 1062 2917 ltaque
1072 2825 1178 2894 bene-

105 2943 263 3013 ficiorum
276 2944 417 3012 maxima
428 2959 614 3034 sunt,·quae
630 2969 651 3010 a
666 2920 865 3036 parentibus
877 2943 1080 3035 aecipimus,
1096 2941 1178 3010 dum

102 3073 166 3125 aut
182 3059 371 3145 nescimus,
392 3077 450 3128 aut
466 3060 634 3128 nolumus.

156 3179 270 3246 XXV.
293 3178 354 3245 His
377 3179 543 3272 ingratis,
565 3197 598 3246 et
615 3178 875 3272 repudiantibus
900 3176 1089 3260 beneficia,
1110 3199 1179 3243 non

146 3416 166 3446 r.
188 3395 244 3466 Qui
253 3405 331 3466 negat
341 3395 377 3448 ab
388 3397 428 3448 his
440 3399 566 3464 accepisse
574 3415 617 3456 se,
670 3415 742 3458 eam,
757 3394 868 3446 musicen
878 3433 886 3460 ,
896 3393 1048 3467 grapliren,
1061 3405 1123 3446 ate:
1134 3415 1179 3467 op·

105 3495 125 3530 a
137 3473 231 3542 qucum
244 3493 326 3543 quum
341 3475 569 3540 rrraxt‘mearct'pit.
580 3473 621 3526 Li·
669 3487 801 3546 ponuntur
809 3493 838 3526 ea
847 3471 955 3526 sordidis
965 3471 1086 3526 artificiis.

107 3553 201 3624 prium,
209 3553 252 3622 qni
261 3551 353 3606 abbat:
361 3552 621 3626 possitrtlegi,qurun
704 3557 727 3620 4.
738 3551 896 3616 Iuventam,
917 3563 1014 3604 aetatem
1025 3570 1082 3621 quar
1094 3552 1179 3608 insau-

106 3634 238 3684 nmxt'ma
255 3633 367 3698 accepit,
383 3639 408 3682 el
425 3650 543 3700 semper,
556 3644 621 3684 reeta
671 3633 732 3685 tiam
743 3627 923 3702 sequitanllie
932 3648 991 3682 usus
1003 3629 1129 3684 interdum
1140 3651 1179 3702 sp.

108 3711 192 3762 Gran.
211 3710 309 3782 repulit.
330 3709 428 3774 Possit,
441 3709 494 3772 ait,
508 3709 529 3762 si
541 3723 622 3783 postu·
673 3723 785 3762 auctores
800 3710 924 3772 accurrit,
938 3727 998 3762 narn
1014 3709 1074 3762 alias
1089 3708 1180 3780 juven-

91 3789 503 3854 demumsenecamaotmttm.
670 3801 706 3840 tus
725 3786 872 3860 plerumque
893 3785 1088 3840 adolescentiam
1108 3786 1181 3857 sequi

143 3865 241 3920 xle.
258 3869 330 3920 Atta.
343 3866 388 3920 Dii
407 3866 479 3919 nobis
496 3863 619 3920 benefida
670 3863 740 3918 solet.

108 3943 172 3994 dant
185 3943 263 3996 instar
273 3955 402 4016 parentum
413 3957 564 3996 nostrorum.
704 3945 728 3996 5.
742 3941 893 3996 Potentibus
904 3945 954 3996 sui.
972 3941 1012 3996 De
1024 3954 1090 4018 tege
1100 3939 1183 3994 virilis

146 4041 168 4072 r.
179 4021 215 4074 In
224 4031 319 4074 mtrem
328 4025 437 4074 exitura
444 4027 623 4094 constringmrl
671 4021 774 4074 datione
787 4021 880 4094 cogitat
891 4021 997 4092 Lipsius.

108 4099 195 4152 fasciis
207 4099 309 4152 etcunis
319 4140 326 4164 ,
338 4112 363 4152 ut
377 4099 403 4152 in
414 4113 509 4152 rectum
519 4115 618 4165 errant,
705 4101 787 4152 XXV.
807 4101 876 4152 Anu.
898 4100 945 4150 His
964 4100 1069 4174 ingratis
1087 4097 1182 4152 similes

109 4190 231 4230 crescant·
672 4197 722 4232 etse
735 4177 797 4229 dicit
809 4197 851 4230 eos
863 4179 979 4250 quimsla
990 4178 1076 4232 amicis
1085 4190 1182 4252 optant,

146 4257 169 4310 3.
193 4255 327 4310 Liberalia
345 4259 453 4322 studia,
469 4256 619 4329 grammati·
672 4268 699 4308 ut
727 4255 787 4310 inde
813 4255 860 4309 sibi
891 4257 1086 4331 oppurlunitalcs
1120 4278 1182 4312 aas·
