2952 4938
677 759 1035 854 anoumnnrum

727 953 813 999 lami
832 953 971 999 snmttet.

793 1187 929 1210 ου*-

357 1453 459 1508 Similia
470 1452 612 1528 prioribus,
628 1453 824 1521 Qutettirtncuite
836 1494 843 1520 ,
857 1467 882 1506 et
896 1451 1028 1506 subtilibus
1045 1451 1116 1504 utilia
1129 1465 1213 1505 tamen
1231 1451 1318 1504 mixta.
1331 1451 1390 1505 illud

321 1540 448 1614 principio
463 1539 573 1602 aerium,
583 1537 746 1590 coercendam
759 1536 946 1602 curiositatem,
961 1549 986 1590 et
996 1537 1102 1588 nimiam
1118 1536 1215 1589 sciendi
1228 1537 1390 1608 cupidinem:

322 1626 437 1679 enimum
453 1625 537 1698 potius
549 1625 582 1677 ad
599 1643 681 1676 morer
693 1635 717 1676 et
727 1623 853 1675 Virtutem
865 1660 874 1687 ,
886 1623 915 1675 id
930 1634 986 1686 eet,
1007 1621 1163 1694 Sapientiam
1178 1623 1342 1676 mittendum.
1358 1625 1391 1674 Er

322 1708 392 1761 verbi
412 1707 503 1761 deinde
522 1707 654 1761 occasione
670 1707 802 1777 Quaestio,
818 1709 858 1759 An
875 1706 966 1778 uliquis
979 1706 1074 1759 donare
1093 1705 1208 1780 Sepienti
1227 1707 1324 1779 possit,
1337 1728 1391 1758 euru

322 1792 376 1860 ciue
386 1791 437 1844 tint
450 1792 537 1844 omnia
548 1789 560 1842 i
571 1792 605 1843 ait
617 1809 688 1864 poete
701 1829 708 1854 ,
720 1789 780 1860 quia
793 1778 879 1842 eriimo
888 1791 991 1862 quidem
1001 1830 1008 1852 ‚
1021 1809 1072 1842 uon
1085 1809 1132 1842 uau
1142 1803 1228 1844 tamn
1240 1791 1329 1843 omnia
1339 1812 1393 1862 pos-

322 1875 395 1929 tidet.
409 1876 512 1941 Altera,
524 1876 566 1929 Au
574 1877 618 1946 qui
630 1874 734 1928 tentavit
744 1873 849 1927 reddere
859 1874 1023 1936 beneficium,
1034 1872 1188 1927 reddiderit:
1199 1873 1234 1926 ita
1242 1911 1250 1938 ,
1258 1875 1304 1926 sed
1312 1887 1392 1926 tamen

322 1963 413 2015 iterum
425 1961 566 2032 iterumque
580 1961 724 2014 conandum
739 1959 820 2012 docet.
832 1959 917 2014 Tertio
929 1999 936 2020 ,
952 1963 994 2012 An
1006 1957 1099 2030 quoda
1112 1959 1167 2011 viro
1181 1959 1251 2011 bono
1260 1961 1392 2030 acceperis,

322 2047 405 2100 eidem
418 2047 468 2118 jam
487 2045 555 2101 malo
574 2043 682 2100 reddet?
695 2045 814 2106 Reddet,
827 2047 871 2100 aed
883 2067 941 2101 cum
953 2045 1088 2109 cautione,
1104 2065 1137 2098 ue
1152 2044 1205 2106 illio
1222 2045 1310 2107 male,
1329 2059 1352 2096 et
1369 2046 1392 2095 in

322 2151 393 2187 ettam
404 2131 544 2188 alienamve
563 2150 655 2196 unum
668 2143 761 2186 utatur·
777 2130 891 2198 Querta,
906 2127 1039 2201 Numquid
1058 2127 1175 2183 oblivisci
1190 2127 1307 2194 &torem
1319 2127 1393 2182 itene-

321 2213 374 2269 iieii
385 2215 425 2269 tui
435 2213 567 2290 oporteat?
579 2217 639 2268 Nou
654 2216 779 2278 omnino,
796 2228 901 2288 erpone
914 2227 997 2266 tenere
1009 2213 1131 2268 memoria
1146 2214 1202 2281 ait,
1219 2215 1300 2266 immo
1316 2227 1339 2266 et
1355 2215 1392 2265 in·

321 2299 422 2354 terdnm
438 2300 544 2372 exigere.
561 2297 674 2368 Ultima,
690 2299 829 2368 Quomodo
849 2299 943 2351 serendi
962 2297 1072 2373 ingrati?
1091 2297 1191 2370 placido
1206 2299 1312 2364 anino,
1326 2319 1393 2350 ruan-

323 2398 392 2438 aueto
401 2421 408 2448 ,
418 2403 522 2456 magno.
534 2385 649 2438 ersrus.
