2966 4948
518 443 695 518 CAPUT
718 447 783 516 tv.
985 445 987 450 ’
1117 465 1179 536 ²7¹

143 569 207 635 IV.
230 568 304 634 Hscc
317 571 377 634 ait·
395 595 404 634 t
420 586 451 635 et
464 573 564 659 ttn'pi·
579 573 764 636 convolvens
780 571 909 635 suntint
926 565 1030 646 3ὶοτο,

231 670 364 756 Abmpit
377 674 491 738 stolidae
504 674 620 759 regalia
633 687 774 759 tempora
791 673 869 734 vites.

229 771 272 834 At
286 769 451 836 Lachesis‘
466 777 607 839 redimite
622 796 742 853 cornus,
760 785 866 837 ornata
880 770 1026 855 capillos,

230 867 333 932 Pieria
347 872 463 935 crinem
478 873 566 938 leuco
581 873 773 956 frontemque
788 870 970 943 ⁵coronans,

232 967 369 1034 Candida
383 975 421 1036 de
435 973 525 1036 niveo
540 973 711 1038 subtemina
725 971 839 1034 vellere
853 966 981 1046 lstrrnit,
1138 973 1139 978 ’
1210 981 1225 1031 5

231 1067 327 1135 Felici
342 1076 528 1150 moderanda
540 1093 635 1136 muno
652 1097 660 1134 ι
677 1091 743 1155 qun
756 1071 844 1134 ducta
859 1068 996 1132 colorem

229 1169 432 1258 Assumpsere
444 1194 559 1238 novum
575 1197 584 1236 t
597 1174 748 1237 enituntur
760 1189 856 1255 pensu
870 1187 1001 1232 sorores.

229 1269 367 1334 Mutatur
379 1274 448 1337 vilis
463 1275 598 1360 pretioso
612 1275 681 1338 lune
696 1271 822 1335 metello
838 1293 847 1331 ε

231 1371 335 1435 Atrrea
350 1375 487 1438 formoso
501 1377 708 1439 descendunt⁷
724 1372 825 1436 seculo
840 1369 904 1431 lilo.

234 1471 303 1536 Nec
316 1477 424 1536 modus
436 1489 482 1538 est
495 1472 591 1554 illisl,
607 1474 708 1537 felicia
721 1473 835 1536 vellere
850 1473 976 1539 ducunt,
1072 1477 1074 1482 '

232 1569 276 1634 Et
290 1576 422 1657 gandent
434 1574 562 1658 implere
576 1593 706 1647 manus3
722 1585 793 1635 sunt
804 1570 904 1636 dulcia
916 1585 1021 1651 pensu.

232 1669 350 1757 Sponte
363 1693 418 1737 suu
430 1675 551 1738 festinat
563 1695 658 1760 opus,
674 1669 820 1754 nulloque
833 1669 962 1731 tlabore

136 1847 187 1900 IV.
202 1848 276 1902 Atto.
292 1852 440 1924 nugentur
456 1853 537 1906 vitem
554 1871 623 1906 novo
672 1847 789 1902 hebetis
796 1845 973 1921 utplurimum
981 1841 1085 1916 optimis
1096 1840 1185 1894 diuum

102 1923 256 1998 imperatori
270 1926 372 1980 lelicern
386 1942 410 1982 et
422 1929 516 1982 clarent
527 1928 625 1981 descri—
672 1937 838 1981 annumerata
861 1937 886 1977 et
902 1922 1037 1976 sexcenties
1056 1921 1087 1974 iis
1110 1936 1185 1972 urnu-

101 2001 196 2075 bitque
208 2004 300 2058 Parcas
309 2007 404 2080 optime
413 2009 532 2062 hnicl'ete
544 2021 625 2060 certa·
672 2007 765 2062 mentis
775 2007 895 2059 instmcte
908 2022 965 2074 quse
975 2015 1000 2054 et
1012 2000 1125 2054 laetit'tem
1136 1998 1185 2072 spi-

101 2080 152 2132 tim
179 2082 375 2152 constituentes,
395 2085 507 2139 edelsnte
524 2080 624 2139 Phoebe
672 2099 729 2140 rent
752 2097 777 2138 et
798 2087 907 2149 tontes,
928 2084 1036 2152 ιῦμτνίατ
1059 2081 1184 2146 innuunt,

103 2171 131 2211 et
154 2161 318 2218 concinente.
335 2164 402 2215 Tum
420 2177 445 2218 et
466 2166 499 2219 de
520 2163 623 2217 Claudii
671 2162 1057 2232 croceoisnthinoquesmictu,
1068 2159 1186 2218 corollis-

103 2237 180 2292 obitn
191 2240 308 2310 quaedstu
319 2240 480 2312 adjiciuntur.
670 2263 721 2315 qne
740 2241 897 2304 virentibus,
917 2253 971 2291 turn
991 2257 1080 2292 serena
1102 2240 1185 2291 lronte

141 2337 165 2370 s·
177 2316 246 2371 Hac
254 2323 302 2372 att.
321 2322 415 2373 Versus
428 2319 473 2391 qui
484 2329 625 2390 sequuntur
672 2317 1187 2390 arridensetjuusntutemnondutuegres·

104 2407 133 2448 et
148 2395 262 2450 Neronis
274 2398 351 2450 vitum
368 2398 397 2450 iu
414 2396 506 2450 throno
522 2393 625 2450 felicem
672 2418 708 2451 ss.
729 2399 796 2451 Ante
814 2395 906 2468 pedem
921 2396 972 2449 lusi
987 2395 1072 2467 jacent
1087 2408 1113 2448 et
1123 2394 1185 2459 fila,

103 2473 266 2541 describunt,
278 2475 432 2530 luxurientes
441 2474 478 2529 illi
487 2474 591 2547 quidem
600 2486 625 2528 et
672 2474 891 2536 hucholoserice,
904 2487 1031 2548 argentee,
1041 2492 1115 2526 sures
1124 2493 1132 2538 ς
1141 2471 1187 2526 ille

104 2554 248 2618 mele'pus
261 2555 390 2608 interdurn
401 2593 411 2626 ‚
424 2556 534 2608 sednon
550 2575 625 2630 pror-
674 2556 706 2609 ds
719 2553 809 2606 viliore
818 2550 933 2604 materie.

106 2652 152 2686 sus
165 2633 275 2702 rejiculi.
706 2629 731 2683 fi.
745 2633 869 2684 Candido
872 2665 913 2681 .....
923 2629 1186 2682 sternit-Ulneuntur.

143 2731 168 2764 n.
189 2712 282 2782 Tuspt'.
298 2713 405 2786 Propter
422 2725 530 2766 mortem
548 2731 623 2783 quum
674 2706 791 2761 Staminn
808 2706 878 2760 enim
896 2705 922 2758 h.
939 2705 957 2758 l.
975 2703 1020 2758 lile
1038 2718 1113 2769 sunt,
1132 2705 1186 2757 sive

106 2787 211 2844 indicat
222 2828 229 2853 ,
253 2803 278 2842 et
289 2789 413 2861 quonism
424 2789 453 2842 in
463 2788 524 2844 locis
537 2788 626 2842 inseris
673 2799 756 2857 partes
767 2784 852 2853 lente,
870 2803 927 2856 qnte
938 2783 1082 2855 torquendo
1099 2781 1186 2855 digitis

107 2886 151 2920 res
165 2866 262 2938 geritur
275 2883 282 2923 t
293 2868 355 2921 hinc
369 2866 475 2922 Charon
486 2866 584 2921 Tibulli
594 2869 623 2934 1,
673 2861 719 2930 lile
731 2863 834 2915 demunt
845 2860 919 2914 liunt.

111 2965 154 3011 so,
167 2947 234 3014 36,«
245 2945 626 3021 Stygiaenuvitsturpisequss»
708 2973 733 3022 7.
751 2951 925 3005 Descendunt.
942 2952 1031 3005 Editio
1048 2971 1114 3005 rom.
1126 2953 1187 3006 dis-

110 3027 213 3080 dieitnr.
674 3033 793 3083 tendunt.
804 3033 838 3083 At
849 3031 905 3084 alite
915 3041 939 3083 et
949 3029 1007 3083 libri
1019 3049 1075 3082 mss.
1087 3031 1189 3084 descen·

145 3103 172 3156 3.
188 3105 344 3158 Cuneuloens
355 3103 550 3176 sturninusreso.
559 3103 593 3156 Η.
604 3121 625 3156 s.
674 3111 748 3160 dunt.
760 3111 792 3162 cl.
805 3123 859 3164 not.
880 3111 965 3162 Versu·
978 3128 1015 3163 ιο.
1026 3112 1124 3162 uellem
1136 3110 1189 3160 du-

110 3181 340 3237 deducenseluso
351 3181 477 3242 stennius,
498 3179 555 3246 lile,
571 3189 628 3235 ele-
673 3197 741 3241 eunt.
765 3187 847 3240 Codd.
868 3214 891 3242 a.
912 3207 935 3240 a.
954 3187 983 3239 b.
1002 3187 1070 3238 male
1093 3188 1188 3239 restem

109 3263 188 3331 elnpe
200 3263 323 3315 attense
333 3262 379 3313 tes.
388 3259 539 3314 Schneideri
548 3260 629 3312 ludes
675 3265 989 3320 asenne-Descendunt.
1001 3265 1059 3317 Une
1067 3265 1189 3335 cumfilo.

109 3342 176 3396 Rer.
189 3341 221 3393 ed
234 3339 335 3412 Scriptt·
346 3339 378 3392 R.
390 3340 422 3392 lt.
441 3337 488 3391 sub
498 3357 554 3391 voc.
563 3339 627 3392 Tele
707 3343 733 3396 8.
743 3343 798 3396 Nec
809 3345 954 3396 modus-nn
963 3344 1026 3396 r'lls's.
1038 3341 1078 3394 Sc.
1088 3341 1191 3394 sorori·

109 3439 140 3494 p.
164 3418 214 3472 350
232 3439 269 3490 sq.
287 3417 483 3488 Clothoittqne
502 3416 627 3471 hocloco
675 3419 731 3475 bus.
750 3421 886 3474 Indelessae
899 3418 1016 3474 laborent
1035 3418 1189 3474 deducendis

112 3495 237 3550 hebetis
265 3507 290 3549 et
312 3495 403 3569 Atropi
427 3513 534 3548 munere
550 3495 627 3548 sionni
676 3498 736 3552 filis.
749 3495 1015 3573 Opplenturlnsifilis
1028 3517 1115 3550 etrum
1128 3517 1190 3551 rne-

110 3576 161 3630 fuu
181 3574 240 3627 itur.
678 3595 735 3632 nus.

150 3595 180 3717 di
197 3652 238 3704 At
255 3651 399 3716 beistis,
423 3664 468 3704 ete.
489 3651 628 3722 Postquam
709 3675 733 3724 9.
746 3656 986 3726 Nullopuelobore.
1006 3655 1112 3707 Sorores
1125 3653 1190 3706 Pers·

115 3729 214 3784 Clotho
223 3743 323 3784 stamen
332 3730 392 3784 vite
405 3728 508 3784 claudii
519 3729 629 3803 abrupe-
677 3751 713 3788 ere
724 3735 886 3797 distendunt,
899 3734 1003 3808 opplent
1014 3734 1187 3796 staminibus,

114 3820 173 3872 rut,
184 3807 309 3870 ,technis
321 3807 399 3860 alters
415 3808 551 3862 Parcarum
568 3809 628 3862 felir
676 3810 728 3866 lilis
745 3815 829 3866 fusum
848 3812 967 3866 Neronis.
985 3812 1015 3864 ld
1035 3811 1105 3864 enim
1119 3829 1188 3864 nune

115 3898 142 3942 et
154 3905 258 3942 eorsum
269 3923 279 3956 ,
299 3888 337 3941 its
354 3888 509 3942 existimabat
522 3881 627 3957 auctor,
675 3889 866 3961 quummaxime
875 3889 1046 3962 eguntl'srcte
1054 3925 1061 3954 ‚
1070 3901 1098 3941 ut
1107 3909 1120 3941 e
1128 3888 1188 3940 lene

114 3965 229 4019 Neronis
236 3966 371 4041 imperinm
381 3987 440 4020 nese
447 3968 544 4042 incipit.
552 3969 628 4023 Unde
675 3967 721 4022 file
731 3967 818 4040 digitis
828 3979 962 4040 torqueunt
973 3967 1035 4019 etin
1045 3966 1131 4018 losum
1142 3965 1188 4017 du-

115 4043 210 4118 fingit,
222 4043 265 4098 fil·
277 4083 286 4110 ,
296 4047 359 4099 dnm
372 4046 528 4115 educuntur,
542 4048 630 4100 lieres·
677 4061 748 4114 cent,
758 4049 927 4122 quideinceps
935 4047 963 4100 in
972 4046 1080 4100 Clothus
1087 4047 1188 4121 capsula

114 4124 252 4176 eereetin
265 4143 355 4178 suenus
366 4125 440 4178 verti.
677 4139 831 4199 seponatur,
853 4127 1008 4198 usquedum
1024 4137 1048 4180 et
1076 4125 1187 4180 Neronis

151 4202 176 4252 5.
198 4200 337 4256 Redimt'ta
352 4221 487 4259 ωηατ.
496 4219 630 4257 commus.
678 4203 1198 4278 vittetetuporssbrntupendssint.DsZt·'
1227 4265 1230 4274 Ι
