2976 4950
411 447 507 514 mn.
532 447 726 530 lucar.
753 446 885 513 xvir.
1116 447 1181 537 3„

108 595 287 663 personae,
308 573 419 643 dantis
435 592 469 644 et
488 575 707 667 accipientis,
726 588 861 666 aptetur
878 623 889 655 ,
907 595 969 639 nee
982 571 1025 638 ab
1038 571 1103 638 hoc
1116 572 1184 637 exi·

109 689 190 772 bit,
209 713 272 758 nec
287 689 331 757 ad
349 690 444 758 illum
462 692 659 784 perveniet,
677 705 714 757 ut
728 689 841 756 debet.
860 689 894 758 Si
909 712 984 755 cum
1002 688 1184 755 exercitato
1212 695 1229 761 4

111 821 150 872 et
169 804 266 874 docto
283 808 456 900 negotium
469 823 537 887 est,
556 804 718 875 audacius
731 805 833 897 pilam
847 805 1037 888 mittemus3
1053 818 1186 871 utcum-

113 943 184 1012 que
202 922 292 990 enim
306 924 458 1003 venerit,
479 945 598 991 manus
619 921 710 989 illam
727 920 885 1012 expedita
900 936 935 987 et
951 919 1050 1012 agilis
1069 942 1186 1011 reper-

114 1035 234 1104 cutiet.
250 1037 285 1105 Si
298 1061 375 1105 oum
386 1038 496 1105 tirone
509 1053 543 1104 et
558 1036 694 1105 indocto
710 1057 719 1103 τ
735 1060 804 1104 non
820 1051 887 1103 tam
901 1033 1025 1128 rigide,
1042 1049 1186 1102 nectam

115 1175 278 1234 excusse,
294 1153 354 1220 sed
370 1149 587 1246 languidius,
604 1168 638 1220 et
650 1153 686 1218 in
699 1153 804 1244 ipsam
818 1152 892 1242 ejus
914 1151 1102 1244 dirigentes
1115 1175 1188 1218 ma-

117 1291 216 1347 num,
231 1269 371 1336 remisse
390 1291 618 1337 occurremus.
634 1267 729 1335 ldem
743 1265 932 1335 faciendum
943 1284 994 1335 est
1007 1269 1044 1333 in
1057 1267 1188 1336 benoli-

119 1384 195 1450 ciis.
212 1383 384 1476 Quosdam
395 1383 594 1466 doceamus,
610 1383 948 1476 etsatisjudioemus,
967 1385 994 1450 si
1008 1399 1184 1467 conantur,
1213 1393 1229 1444 5

119 1499 147 1564 si
166 1497 315 1579 audent,
335 1499 364 1567 si
380 1499 499 1567 volunt
512 1503 536 1567 ¹.
558 1501 715 1570 Facimus
734 1513 844 1568 autem
859 1500 1060 1593 plerumque
1077 1501 1189 1593 ingra-

118 1630 195 1692 tos,
218 1631 252 1682 et
272 1631 308 1682 ut
325 1616 417 1699 sint,
437 1616 609 1684 favemus²
633 1642 641 1682 ε
664 1633 824 1709 tanquam
845 1619 891 1685 ita
913 1618 1048 1686 demum
1068 1643 1189 1712 magna

118 1729 188 1796 siut
205 1728 372 1798 beneficia
393 1746 531 1815 nostru,
553 1733 581 1800 si
601 1733 710 1825 gratia
730 1731 798 1799 illis
817 1731 937 1800 referri
957 1757 1025 1800 non
1046 1733 1155 1825 potuit
1178 1760 1185 1798 :

119 1862 158 1913 nt
174 1846 330 1940 malignis
353 1847 522 1916 lusoribus
540 1849 748 1942 propositum
769 1839 847 1916 est³
867 1899 876 1930 ‚
898 1849 1096 1917 collusorem
1119 1865 1189 1917 tra·

120 1956 293 2045 duoere‘,
312 1988 388 2031 cum
405 1963 528 2032 damno
549 1965 680 2032 scilicet
698 1965 804 2057 ipsius
826 1964 939 2046 lusus,
964 1966 1024 2056 qui
1040 1989 1109 2034 nou
1129 1989 1191 2058 po-

122 2092 209 2157 test,
231 2078 297 2147 nisi
318 2081 548 2162 consentitur,
571 2079 707 2147 extendi
722 2073 747 2146 ⁵.
770 2079 870 2148 Multi
892 2095 971 2148 snut
992 2095 1057 2149 tam
1078 2106 1191 2175 pravoe
1239 2155 1242 2164 ,

122 2208 265 2268 naturus,
285 2209 324 2260 ut
344 2192 462 2262 malint
485 2195 632 2288 perdere
660 2219 736 2287 quae
755 2196 998 2288 praestiterunt,
1018 2220 1120 2288 quam
1138 2199 1191 2264 vi-

121 2306 198 2374 deri
211 2310 399 2402 recepisse,
416 2311 555 2403 superbi
570 2327 605 2378 et
620 2313 838 2404 imputatores
848 2302 874 2377 ⁶.
896 2311 1034 2403 Quanto
1050 2313 1188 2396 melius,
1216 2330 1233 2382 5

123 2438 318 2516 quantoque
330 2424 511 2494 humanius
524 2425 561 2493 id
573 2450 696 2520 agere,
712 2442 750 2493 ut
761 2426 809 2492 illi
824 2429 833 2472 7
850 2451 986 2518 quoqne
1000 2445 1114 2520 partes
1125 2453 1193 2496 suae

123 2553 298 2621 constent,
314 2554 349 2605 et
363 2539 476 2606 favere
490 2589 499 2620 ,
517 2556 555 2606 ut
568 2540 676 2631 gratia
689 2539 753 2606 sibi
769 2538 889 2606 referri
903 2542 1028 2631 possit,
1045 2540 1193 2633 benigne

122 2729 150 2781 in
163 2729 294 2802 Epigram.
312 2749 343 2802 97
358 2731 483 2804 Meleagri
498 2732 508 2796 (
520 2731 633 2785 Analect.
682 2729 730 2782 sibi
742 2741 899 2803 proponunt,
910 2729 937 2781 id
943 2728 990 2781 sibi
997 2729 1097 2782 consilii
1107 2731 1193 2784 animo

121 2805 235 2858 Brnnek.
250 2807 306 2860 vol.
318 2809 329 2859 l
339 2844 346 2871 ,
358 2829 381 2882 p.
394 2811 457 2874 28),
471 2809 515 2861 ubi
529 2813 560 2862 el.
578 2810 634 2862 cle·
684 2805 816 2876 injiciunt,
827 2819 869 2870 ut,
881 2818 926 2858 etr.

120 2897 224 2955 gentem
233 2884 347 2956 mihique
357 2886 633 2961 amieiss.interpretem
715 2885 739 2948 l·
753 2883 913 2949 Teadaeere,
926 2902 1016 2957 nempe
1029 2905 1073 2956 per
1084 2905 1128 2938 ors
1140 2885 1195 2939 bo-

121 2963 215 3016 Jacobs
224 2963 251 3015 in
262 2964 396 3016 Animsdr.
409 2965 440 3018 sd
453 2966 526 3017 Ansl.
538 2966 597 3018 Vol.
609 2967 633 3030 l,
684 2962 783 3015 urinum
794 2962 984 3033 quodammode
994 2963 1164 3030 traducenda.
1173 2987 1194 3018 e.

124 3053 186 3112 part.
201 3041 268 3114 1,p,
285 3059 346 3104 rso,
364 3061 416 3113 seq.
430 3043 472 3095 nbi
489 3047 569 3096 nostri
585 3043 635 3098 looi
683 3040 881 3114 superbientium
890 3041 1001 3094 ludibrio
1010 3061 1196 3112 exponerem·

125 3137 223 3170 memor
235 3116 291 3171 fuit.
688 3119 878 3188 ραδιιγματῖζιιν.
893 3119 984 3172 Gallie.
997 3119 1088 3172 dicitur
1098 3122 1197 3172 donner

161 3215 184 3248 r.
200 3193 399 3264 Quosdam.....·.
410 3199 500 3250 nolum
514 3195 638 3250 beneficis
687 3217 717 3250 en
727 3199 867 3265 spectatu
880 3199 956 3269 saise
969 3203 1019 3252 rire
1030 3219 1090 3254 oux
1103 3204 1196 3271 debens

126 3272 247 3347 accipere.
265 3273 319 3343 Qni
334 3273 412 3346 pilam
433 3274 523 3338 mittit,
541 3275 575 3326 sit
591 3273 636 3338 S.,
687 3277 734 3339 de,
753 3283 795 3325 etc.

126 3349 328 3402 recommodsbit
339 3351 417 3423 pilsm
434 3350 553 3404 collusori
572 3371 618 3403 suo
633 3369 639 3382 ·
721 3355 744 3404 5.
756 3349 844 3402 Lusus
853 3355 901 3421 qui
910 3365 1069 3421 neapotest,
1083 3359 1197 3409 nistcon-

127 3431 217 3484 esdesn
226 3431 325 3484 ratione
338 3445 362 3485 et
372 3431 639 3486 beneficissuotadhi·
687 3435 811 3495 sentitur,
831 3435 947 3486 extendi.
965 3433 1104 3487 Extendere
1114 3433 1198 3486 lusum

130 3510 224 3563 bends.
233 3510 289 3563 Nisi
297 3511 345 3564 hoe
351 3513 468 3576 issimus,
477 3512 504 3564 in
512 3531 584 3566 cansa
590 3513 639 3565 eri·
689 3510 799 3562 estinter
817 3509 952 3564 collusores
964 3512 1070 3582 spatium
1081 3511 1161 3584 magis
1170 3529 1199 3563 so

128 3607 203 3652 rans,
222 3607 266 3641 cnr
279 3589 384 3662 ingratis
403 3589 526 3643 beneficia
544 3590 639 3643 demus.
690 3587 1198 3660 magislongumrelinquere.Esdemlere

129 3667 216 3736 ltaque
226 3667 335 3721 docendi
347 3680 418 3732 sunt,
430 3681 458 3720 ut
465 3667 530 3741 grati
542 3687 593 3720 esse
603 3687 641 3720 co·
690 3665 811 3736 loquendi
822 3667 931 3719 lormuls
945 3687 973 3720 sc
985 3685 1065 3738 nuper
1079 3668 1202 3719 colluson'

133 3753 233 3806 matur,
243 3745 261 3796 i.
270 3745 377 3817 possint,
389 3744 576 3818 aggrediantur.
690 3748 766 3814 luogo
776 3763 820 3816 pro
833 3755 937 3799 umato.

164 3843 187 3873 2.
199 3821 237 3874 Et
250 3833 280 3874 ur
294 3826 361 3886 sint,
374 3823 506 3892 favemus.
525 3821 558 3873 Et
573 3821 601 3872 in
615 3819 641 3872 id
723 3821 747 3871 6.
763 3821 939 3889 Isnputolom
953 3820 1076 3874 debitores
1088 3819 1135 3873 sibi
1148 3839 1200 3871 esse

130 3898 326 3965 intendimus,ut
335 3899 427 3972 ingrati
436 3900 486 3952 siut
494 3898 586 3970 quibus
593 3897 642 3950 lar-
692 3897 825 3970 cupienres.

131 3976 642 4050 gimur.lngntorumvitioipsisavemus,
725 3995 748 4046 7.
771 3977 808 4030 Ut
823 3979 865 4028 itta·
885 3977 930 4048 qui
950 3974 1072 4029 beneficia
1094 3973 1201 4027 dederit.

131 4055 326 4128 etnostrscnlpa
334 4074 545 4108 eorumnnmerus
555 4056 581 4107 in
590 4055 643 4106 dies
694 4051 1202 4123 Beuetalislromocnmsoenemtoreeom·

134 4132 315 4202 majorevsdit.
693 4133 855 4205 paretur,qni
865 4133 974 4186 tristibus
984 4131 1104 4186 Cslendis
1113 4151 1131 4184 s.
1141 4132 1201 4184 ldi-

167 4209 191 4260 3.
198 4208 365 4278 Propositum
373 4220 419 4268 esl·
427 4211 538 4282 Maligni
551 4211 644 4265 lusores
695 4211 748 4276 bus,
764 4231 922 4281 quocumque
935 4209 1012 4282 igitur
1023 4229 1121 4279 astense,
1131 4229 1200 4264 ruore
