2976 4944
519 443 702 516 CAPUT*
716 447 776 515 tv.
845 447 872 498 2'
1132 475 1176 543 ²9

112 571 225 657 scire,
245 591 411 666 quantum
427 573 590 646 adversus
611 591 843 669 paupertatem
862 574 924 642 tibi
946 576 1054 644 animi·
1068 577 1132 660 sit,
1149 577 1178 644 si

115 685 241 756 divitiis
260 688 388 757 diffluis
403 691 418 757 i
434 689 526 759 unde
552 716 685 784 possum
705 692 814 772 scire,
836 704 1000 780 quantum
1019 689 1179 758 adversus

112 803 336 894 ignominiam
359 821 394 872 et
420 807 590 874 infamiam
617 805 800 898 odiumque
823 806 1006 898 populare¹
1025 823 1181 876 constan·

118 917 171 984 tiae
186 917 335 1000 habeas,
359 921 388 986 si
408 920 498 988 inter
516 921 651 1014 plausus
674 921 842 1002 senescis,
865 920 893 986 si
914 935 946 987 te
959 920 1181 1014 inexpugna-

119 1032 213 1116 bilis,
235 1053 271 1102 et
288 1034 507 1104 inclinatione
523 1035 666 1128 quadam
685 1038 848 1104 mentium
864 1059 993 1127 pronus
1015 1035 1108 1104 favor
1126 1060 1181 1104 sc⁶

119 1151 262 1240 quitur?
277 1152 375 1221 Unde
392 1154 478 1236 scio,
499 1177 599 1246 quam
616 1177 713 1244 aequo
725 1153 837 1220 animo
850 1153 979 1221 laturus
992 1154 1038 1221 sis
1054 1147 1183 1222 orbita-
1207 1162 1224 1214 6

122 1279 205 1348 tem,
221 1266 274 1347 si,
294 1291 515 1358 quoscunque
528 1267 728 1350 sustulisti²,
746 1265 868 1336 vides?
884 1267 1009 1336 Audivi
1028 1284 1060 1336 te
1078 1293 1183 1362 quum

122 1382 206 1450 alios
222 1383 444 1452 consolareris
461 1411 468 1451 ε
486 1401 567 1452 tunc
584 1387 854 1478 conspexissem,
876 1387 959 1453 site
978 1387 1051 1479 ipse
1067 1409 1185 1456 conso*

122 1496 210 1564 latus
229 1522 339 1580 esses,
360 1500 389 1567 si
408 1515 441 1566 te
457 1501 530 1592 ipse
548 1497 663 1566 dolere
687 1501 861 1568 vetuisses.
890 1501 1019 1583 Nolite,
1045 1499 1185 1570 obsecro

121 1635 197 1694 ros,
220 1637 443 1705 expavescere
463 1615 544 1696 ista,
564 1637 640 1705 quae
656 1614 713 1682 Dii
732 1615 936 1682 immortales
953 1615 1047 1684 velut
1064 1618 1184 1684 stimu-

122 1724 172 1792 los
184 1723 367 1794 admovent
377 1729 498 1795 animis
511 1723 519 1792 l
537 1727 716 1796 Calamitas
731 1728 866 1795 virtutis
881 1730 1011 1796 occasio
1024 1745 1086 1797 est.
1107 1730 1185 1799 Illos

122 1842 243 1908 merito
261 1843 338 1934 quis
356 1842 480 1911 dixerit
499 1844 659 1925 miseros,
684 1845 744 1935 qui
765 1844 869 1914 nimia
894 1845 1053 1914 felicitate
1074 1861 1186 1938 torpe-
1270 1929 1274 1936 ι

121 1969 241 2036 scunt,
267 1978 352 2046 quos
368 1955 460 2021 velut
478 1955 515 2023 in
530 1958 614 2024 mari
633 1957 725 2025 lento
737 1957 976 2050 tranquillitas·
987 1960 1079 2026 iners
1097 1958 1185 2027 deti-

122 2084 193 2136 net.
216 2066 400 2160 Quidquid
419 2068 488 2137 illis
510 2069 685 2150 inciderit,
705 2091 829 2138 novum
847 2073 981 2139 veniet:
1004 2074 1110 2166 magis
1128 2099 1188 2142 ur·-
1214 2113 1227 2136 .

124 2199 208 2276 gent
224 2207 311 2252 saeva
326 2184 517 2277 inexpertos
534 2213 543 2270 3
561 2209 663 2278 grave
680 2202 731 2254 est
749 2177 896 2253 tenerae³
912 2188 1035 2255 cervici
1047 2189 1183 2282 jugum.

125 2299 180 2366 Ad
200 2301 425 2394 suspicionem
447 2301 598 2369 vulneris
620 2304 686 2370 tiro
703 2302 855 2396 pallescit
873 2329 880 2368 :
900 2303 1074 2372 audaciter
1092 2321 1187 2376 vete-

125 2443 230 2486 ranus
251 2441 408 2486 cruorem
433 2442 529 2486 suum
553 2435 706 2510 spectat,
732 2421 792 2511 qui
814 2421 876 2488 scit
902 2445 938 2488 se
957 2445 1045 2514 saepe
1069 2423 1189 2490 vicisse

126 2551 203 2626 post
220 2535 433 2627 sanguinem.
461 2536 529 2601 Hos
553 2536 668 2624 itaque
686 2535 800 2615 Deus,
826 2558 910 2626 quos
934 2536 1078 2628 probat,
1106 2561 1190 2629 quos

126 2664 240 2731 amat,
261 2647 420 2729 indurat,
438 2648 665 2740 recognoscit,
684 2663 840 2734 exercet,
861 2673 917 2716 eos
935 2666 1047 2718 autem
1066 2651 1190 2742 quibus

128 2764 311 2857 indulgere
323 2763 478 2846 videtur,
495 2763 618 2854 quibus
628 2787 789 2856 parcere,
806 2764 922 2832 molles
933 2768 1086 2835 venturis
1095 2767 1191 2835 malis

128 2978 271 3044 mapsa
286 2976 347 3026 Non
363 2993 393 3026 eo
410 2985 521 3046 tempore
537 2992 588 3043 quo
603 2971 637 3022 si·
686 2973 758 3022 κοιναὶ
771 2983 796 3023 et
812 2971 958 3042 τριωὸοὶίδις
975 2986 1041 3026 sunt.
1058 2974 1192 3048 Perpetem

130 3051 184 3103 lent
194 3051 279 3116 venti,
291 3073 305 3098 α
314 3051 389 3103 Ridet
404 3063 427 3102 et
443 3047 516 3103 infidi
534 3047 637 3122 pellatia
685 3067 752 3100 sane.

129 3127 238 3181 subdola
251 3130 322 3201 ponti
332 3151 355 3194 ,u
368 3127 477 3192 sciveris,
489 3147 522 3180 an
534 3128 577 3180 ille
594 3128 638 3197 qui
720 3145 742 3176 a·
765 3125 948 3196 Quoscumque
964 3131 1103 3180 sustulisti.
1122 3127 1193 3195 Quos

129 3206 305 3277 gubernaculo
313 3205 411 3269 assidet,
423 3204 638 3279 gubernatorvere
687 3201 779 3254 liberos
787 3201 814 3253 in
822 3202 945 3255 familiam
955 3203 1076 3257 admisisti
1086 3245 1093 3272 ,
1103 3205 1194 3258 tollens

130 3299 182 3348 srt;
196 3303 279 3354 neque
292 3284 319 3335 in
330 3283 417 3336 umbra
428 3283 496 3356 pacis
507 3282 639 3353 quiesces·
688 3297 717 3330 ex
727 3276 806 3330 humo
819 3298 885 3349 :quo
900 3282 966 3333 laeto
981 3282 1112 3334 nuntiabat
1126 3295 1195 3355 pater

129 3377 182 3416 tem
193 3377 218 3414 et
227 3362 260 3416 ab
271 3381 400 3414 umorum
409 3363 508 3434 lragore
515 3371 639 3412 semotum
687 3356 834 3429 plaeeresibi
839 3357 961 3409 infantem
968 3357 1194 3431 inpenatibussuis,

129 3440 283 3510 judicaveris
296 3452 371 3506 recte,
384 3459 417 3490 an
427 3437 542 3492 militaris
555 3436 591 3488 rei
598 3453 640 3506 pe·
688 3444 716 3486 ut
735 3452 817 3497 suum,
838 3432 881 3484 ali.
901 3433 979 3486 Porro
1002 3435 1136 3508 opponitur
1147 3435 1196 3489 hoc

129 3519 194 3570 ritus
211 3517 244 3572 sit
257 3537 264 3570 ι
277 3517 304 3568 in
322 3516 374 3568 atie
389 3515 473 3580 hune,
488 3514 515 3567 in
530 3513 640 3586 procella
688 3514 798 3563 sensuri
810 3514 944 3582 sottemp
966 3510 1074 3582 efferre,
1086 3511 1195 3582 quoddc

129 3593 205 3648 illum
220 3607 331 3667 expertus
345 3593 422 3645 noris.
689 3587 842 3641 Libitinariis
852 3589 950 3661 proprie
960 3588 1051 3641 dicitur
1059 3600 1083 3639 et
1092 3587 1124 3640 de
1134 3589 1196 3640 Sau-

162 3693 183 3724 1.
192 3671 543 3740 Odiumquepopulare.Non
548 3671 638 3720 odam
688 3664 814 3739 depilariis
823 3665 867 3735 qui
875 3665 965 3717 feretro
973 3665 1138 3738 compositum
1144 3684 1197 3717 cor·

127 3751 222 3818 populi
229 3786 236 3812 ,
256 3748 301 3800 sed
321 3747 497 3822 popularium,
516 3769 638 3814 wpsrees-
689 3761 734 3814 pus
743 3753 767 3792 et
776 3761 838 3812 rogo
851 3741 952 3814 jamjam
959 3742 1142 3815 imponendum
1152 3741 1198 3794 do-

127 3827 190 3892 lus,
206 3825 296 3898 gallice
307 3827 495 3892 compatriotas.
509 3823 559 3876 Hie
570 3821 639 3872 enim
690 3837 731 3869 mo
743 3816 897 3882 el'lerebent;
917 3818 1054 3889 aliquando
1076 3831 1101 3871 et
1119 3818 1149 3871 de
1166 3819 1198 3871 iis

128 3925 217 3958 seuseu
235 3904 358 3957 usitatior.
372 3904 460 3955 llorat.
473 3902 516 3955 lib.
531 3903 572 3968 ll,
589 3899 639 3952 Od.
690 3896 825 3960 dicebatur,
833 3916 940 3964 quorum
946 3897 1146 3969 pater,uaor,rel
1153 3896 1198 3949 alii

134 3983 173 4046 13,
180 4003 216 4033 vs.
224 3986 256 4035 25
265 4000 271 4032 :
280 3983 329 4033 «Et
336 3979 428 4033 AEoliis
436 3977 527 4031 fidibus
537 3997 642 4048 queren-
690 3973 840 4049 propinqui,
854 3987 933 4026 morte
947 3973 1070 4046 absumpti
1082 3985 1162 4026 erant.

131 4075 182 4112 tem
195 4059 296 4133 Sappho
308 4058 398 4132 puellis
410 4057 441 4109 de
452 4056 641 4131 popularibuspv
725 4052 749 4104 3·
761 4053 872 4104 Tenem.
879 4053 965 4104 Lectio
978 4051 1050 4104 codd.
1059 4051 1196 4123 allisam,

131 4136 174 4190 ulti
187 4137 272 4188 neseio
292 4134 348 4206 quis
362 4132 465 4187 volebat
487 4134 518 4186 de
533 4131 572 4184 his
592 4151 644 4182 mu·
695 4151 725 4182 ex
731 4148 782 4199 quo
788 4129 884 4200 Lipsius
894 4129 953 4182 lecit
951 4131 1030 4201 sem,
1039 4129 1067 4181 id
1076 4143 1125 4194 est,
1134 4147 1196 4182 non·

128 4211 303 4268 lierculisillic
314 4213 370 4284 agi,
381 4229 437 4282 quse
449 4210 578 4274 omnium,
590 4227 646 4278 quse
697 4205 756 4256 dum
766 4205 851 4258 ciruri.
