2954 4926
291 469 357 560 598
625 463 693 532 DE
716 465 1024 536 BENEFICIIS
1114 549 1118 556 Δ

338 595 433 664 XIII.
455 597 608 664 Rursus¹
629 619 699 664 non
715 619 790 665 eum
815 614 883 666 tum
902 599 1062 690 iniquus,
1082 617 1123 667 nt
1139 599 1229 668 nibil
1245 603 1280 668 ei
1298 599 1363 668 de-

289 711 408 794 besm,
423 713 498 805 ,qui
522 735 628 805 quum
654 711 739 782 mibi
763 715 858 782 utilis
879 729 989 796 esset,
1016 715 1083 782 init
1099 730 1135 782 et
1152 716 1258 783 sibi².
1288 718 1362 783 Non

288 831 379 900 enim
401 831 523 924 erigo,
552 847 591 898 nt
614 833 690 900 sine
707 847 864 925 respectu
882 833 935 898 sui
952 831 1038 899 mibi
1055 832 1235 900 consulet:
1256 833 1361 898 immo

288 945 389 1012 ctiam
407 961 487 1037 opto
498 959 519 1027 ‚¹
531 959 571 1012 ut
588 944 794 1014 beneficium
810 943 895 1012 mibi
915 942 1052 1026 dutum,
1074 945 1128 1012 rel
1146 946 1256 1039 magis
1269 944 1363 1011 denti

288 1059 458 1152 profuerit
474 1087 483 1127 ε
501 1058 684 1130 dummodo
698 1060 734 1128 id
747 1062 807 1154 qui
822 1057 943 1140 debet,
960 1057 1047 1129 duos
1058 1061 1195 1128 intuens
1208 1058 1362 1140 dederit,

249 1207 263 1238 2
288 1193 324 1244 et
333 1178 424 1246 inter
433 1201 489 1246 me
499 1201 604 1270 seque
616 1176 783 1246 diviserit.
800 1179 897 1245 Licet
909 1175 946 1244 id
958 1178 1033 1270 i'pse
1044 1201 1086 1245 ex
1098 1177 1229 1270 jore
1247 1171 1365 1269 ’μη
1465 1187 1466 1232 i

287 1290 478 1384 possident,
493 1294 525 1359 ei
539 1291 640 1360 modo
653 1271 757 1360 mein
769 1293 976 1361 consortium
989 1291 1149 1374 admisit,
1163 1293 1192 1359 si
1206 1290 1296 1359 duos
1308 1316 1366 1359 co-

289 1401 446 1500 gitavit⁴‚
469 1409 623 1502 ingratus
640 1433 736 1492 sum,
757 1431 826 1478 non
840 1408 949 1478 solum
963 1409 1130 1501 injustus,
1147 1409 1215 1476 nisi
1231 1407 1364 1501 gaudeo
1465 1463 1466 1514 g

288 1521 354 1592 hoc
369 1522 421 1591 illi
438 1523 627 1616 proluisse,
644 1523 737 1618 quod
749 1524 911 1618 proderat
927 1524 1024 1594 mibi.
1041 1526 1186 1594 Summe
1203 1525 1366 1619 maligni-
1465 1581 1466 1590 ,

290 1643 368 1708 tatis
385 1655 455 1718 est,
479 1664 549 1709 non
562 1665 683 1710 rooere
697 1641 923 1726 beneficium,
944 1643 1011 1710 nisi
1027 1639 1122 1736 quod
1138 1641 1279 1709 dantem
1298 1643 1363 1709 sli—
1465 1697 1466 1704 ,

249 1773 265 1823 ³
289 1781 357 1848 quo
368 1757 585 1826 incommodo
597 1759 722 1826 affecit.
734 1759 846 1826 Aliter
854 1757 925 1838 illi,
939 1760 999 1850 qui
1008 1757 1216 1826 beneficium
1231 1757 1293 1828 dot
1304 1783 1364 1828 sua

289 1897 411 1955 ceusu,
434 1873 660 1968 respondebo.
680 1877 768 1943 Usus
786 1899 860 1956 me,
878 1897 985 1966 quere
999 1874 1112 1966 potius
1127 1887 1162 1940 te
1178 1873 1264 1940 mibi
1282 1897 1364 1968 pro·

290 1989 395 2060 fuisse
414 1989 527 2075 dices,
546 2013 647 2083 quam
667 2015 721 2058 me
743 1983 854 2059 tibi⁵i
870 1983 991 2072 Puta⁶,
1012 1991 1146 2082 inquit,
1168 1989 1273 2058 aliter
1288 1991 1363 2058 fieri
1465 2035 1466 2040 κ

290 2126 359 2171 non
375 2125 473 2196 posse
494 2127 547 2172 me
566 2106 820 2198 magistratum,
840 2105 988 2198 quamsi
1007 2103 1125 2172 decem
1140 2121 1258 2198 captos
1274 2105 1365 2174 cives
1465 2149 1466 2205 p

289 2243 331 2286 ex
349 2243 471 2312 magno
491 2220 700 2312 captivorum
723 2245 866 2290 numero
884 2217 1065 2290 redemero
1084 2249 1093 2288 ι
1114 2220 1203 2290 nibil
1221 2219 1365 2290 debebis

290 2333 394 2417 mihi,
420 2359 526 2426 quum
554 2351 587 2402 te
612 2335 775 2404 servitute
800 2359 840 2404 ac
863 2335 1010 2405 vinmrlie
1033 2335 1249 2404 liberavero?
1269 2337 1365 2430 atqui

293 2472 366 2516 mea
384 2447 422 2515 id
439 2472 540 2520 carisa
559 2447 692 2517 seciam.
719 2442 892 2519 Adversus
909 2449 979 2520 hoc
996 2449 1198 2544 respondeo.
1221 2449 1366 2542 Aliquid

250 2581 265 2646 4
293 2562 369 2632 istic
386 2579 444 2634 tue
462 2589 562 2634 causa
579 2565 681 2648 fecis,
699 2565 830 2658 aliquid
846 2589 933 2634 mes.
955 2568 1049 2649 Tua,
1070 2565 1162 2658 quod
1180 2565 1362 2650 ²redimi03

292 2681 354 2749 tibi
367 2685 458 2750 enim
467 2684 513 2751 ad
524 2684 705 2752 utilitatem
720 2701 809 2752 tuam
822 2685 902 2752 eatis
916 2701 968 2752 est
976 2684 1147 2776 quoslibet
1158 2683 1361 2764 redemisse3

292 2801 406 2890 itsqne
433 2800 564 2882 debeo,
590 2823 659 2867 uon
677 2798 769 2891 quod
786 2798 927 2868 redimis
946 2824 1022 2882 me,
1049 2798 1109 2868 sed
1126 2798 1218 2892 qnod
1236 2799 1362 2892 eligio:

292 2929 427 3006 poteras
437 2916 527 2982 enim
537 2929 571 2982 ct
581 2915 721 2982 alterius
734 2913 966 3008 redemptione
980 2913 1071 2982 idem
1084 2915 1260 3006 consequi,
1271 2913 1365 3006 quod

325 3131 397 3182 XIII.
407 3133 479 3186 Are.
490 3133 621 3194 Affirmut,
632 3132 653 3185 si
665 3133 802 3204 quitetsb's
852 3132 1002 3200 meditatus,
1015 3147 1040 3187 et
1049 3135 1088 3187 rui
1100 3148 1124 3188 et
1134 3134 1186 3187 mei
1195 3135 1278 3207 gratis
1288 3133 1315 3186 id
1325 3137 1365 3186 fe·

292 3221 316 3260 et
327 3207 429 3261 alterius
438 3227 512 3264 unsa
524 3211 640 3283 prodesse
652 3210 768 3264 veluerit.
851 3214 885 3266 cit
895 3211 964 3283 qnod
974 3213 1041 3266 lecit.

328 3303 348 3337 ι.
360 3287 479 3351 Rursus.
492 3288 570 3342 alters
584 3309 613 3343 er
624 3301 748 3362 perte,en
760 3308 802 3344 rr-
884 3291 906 3342 5.
925 3289 1029 3344 Uerre...
1039 3291 1098 3357 sbi,
1111 3292 1194 3361 tuqui
1205 3311 1318 3346 meuses
1328 3311 1363 3358 es,

292 3365 394 3418 ronch.
850 3369 943 3438 quidni
953 3387 994 3421 me
1004 3367 1066 3434 tibi,
1078 3367 1264 3439 quemtemihi
1276 3369 1367 3422 utilem

325 3464 347 3496 ι.
362 3443 420 3514 Qui
426 3463 507 3512 quum
518 3444 617 3496 mibi...
628 3445 681 3496 siba·
687 3443 733 3514 qui
745 3465 767 3496 e.
779 3461 800 3496 e.
849 3448 926 3502 fuisse
936 3448 1018 3522 magis
1028 3447 1117 3502 dices?

291 3522 365 3576 semis
378 3536 490 3596 tempore
502 3541 593 3597 penem
612 3522 673 3574 emit
683 3522 731 3575 sibi
747 3521 801 3574 mi·-
882 3526 906 3578 fi.
920 3527 1002 3579 Puto.
1012 3527 1090 3578 Ponit
1101 3545 1196 3590 mum,
1207 3527 1253 3597 qui
1265 3528 1366 3581 rarissi-

292 3601 493 3672 bique,eumque
507 3601 801 3676 interutrumqneperti-
850 3621 906 3655 mus
927 3623 979 3656 esse
998 3603 1123 3668 videtum
1148 3605 1259 3656 similem
1279 3619 1365 3658 temen

290 3693 328 3732 tos
342 3689 385 3732 est.
849 3679 984 3753 fingimus,
997 3693 1120 3752 quatenus
1130 3681 1235 3753 aliquis,
1248 3693 1367 3758 utpopn-

323 3759 346 3810 3.
360 3756 431 3810 Licet
441 3757 474 3808 id
484 3759 540 3824 ipse
549 3777 586 3808 ex
597 3759 697 3822 mnjm
704 3765 799 3824 porte,
850 3757 908 3810 laris
931 3757 1026 3828 fieret,
1048 3761 1075 3811 ie
1107 3760 1237 3832 republica
1265 3762 1365 3815 civibus

291 3848 335 3888 ete.
346 3834 451 3887 Pessimi
459 3834 570 3888 bominis
578 3847 649 3898 esset,
661 3834 799 3906 postulare,
850 3849 950 3910 sumptu
961 3839 1230 3910 suoincommodoque
1242 3841 1312 3892 utilis
1323 3861 1365 3893 eo-

289 3925 328 3977 ut,
340 3913 383 3979 qui
391 3913 513 3966 benefitia
523 3913 635 3974 dederit,
649 3931 798 3986 sempersuo
849 3931 905 3966 rum
926 3915 1032 3986 gretiam
1055 3917 1252 3970 conciliaverit:
1278 3919 1366 3987 quelle

291 3991 367 4062 ipsius
379 3991 472 4042 damno
483 3987 566 4042 faeiat.
850 3989 985 4044 Cimonem
994 4003 1017 4044 et
1029 3993 1121 4046 multer
1130 3993 1193 4046 ‘elios
1206 3993 1296 4047 iecisse
1307 4015 1367 4047 eon-

322 4071 345 4133 4.
357 4065 390 4120 Si
396 4070 463 4120 duos
472 4069 598 4136 cogitavit.
610 4066 639 4118 si
650 4065 799 4118 deductum
848 4078 903 4120 stet.

289 4145 393 4198 utilitate
405 4145 543 4218 cogitavit,
556 4164 602 4197 nec
619 4144 681 4216 quid
693 4143 739 4218 ipsi
751 4145 798 4199 soli
882 4167 905 4210 7.
918 4145 985 4208 Teu,
995 4150 1068 4217 quod
1075 4149 1189 4200 redimis.
1198 4149 1244 4201 Sic
1254 4149 1367 4221 optimus

290 4225 452 4284 commodum
472 4227 550 4290 leret,
565 4225 608 4277 sed
621 4224 720 4294 quidet
735 4223 798 4296 mihi
850 4223 907 4286 cod.
918 4226 999 4294 Nem,
1020 4226 1064 4296 qui
1080 4226 1173 4279 omittit
1188 4237 1245 4300 post
1257 4224 1366 4296 adiverit
1465 4245 1466 4258 ¹
