2906 4948
283 425 350 520 ⁴7⁶
624 426 692 492 nn
716 425 1027 498 nnuurlcus

283 557 393 648 quit¹,
410 555 596 650 diligenter
609 555 785 648 eligendos
797 547 922 648 quibus
936 557 1104 626 beneficia
1122 559 1261 646 demus,
1281 566 1363 655 quia

283 697 348 742 nec
364 673 522 767 agricoloe
540 671 680 765 quidem
699 673 827 741 semina
844 675 958 743 arenis
975 677 1198 745 committant.
1209 679 1322 771 Quod
1338 683 1364 748 si

282 813 402 858 verum
416 805 480 874 est,
495 806 645 858 nostram
662 789 845 859 utilitatem
862 791 897 858 in
911 792 1090 860 beneficiis
1106 792 1229 861 dandis
1242 797 1366 886 sequi·

284 927 374 985 mur,
387 902 673 996 quemadmodum
687 905 724 971 in
735 892 864 972 arando
879 905 1093 999 serendoque
1112 934 1119 972 ι
1140 910 1367 1000 nequeenim
1444 911 1445 962 ἶ

284 1041 412 1102 serere,
433 1044 622 1114 pensores
642 1019 830 1113 expetenda
850 1035 912 1089 est.
933 1025 1103 1090 Praeterea
1120 1025 1291 1116 quaeritis,
1309 1027 1366 1093 cui
1444 1037 1445 1074 t

284 1134 372 1202 detis
391 1134 596 1204 beneficium
620 1162 628 1202 ε
655 1137 747 1229 quod
764 1161 832 1205 uon
851 1155 940 1207 esset
958 1139 1170 1222 faciendum,
1193 1142 1223 1207 si
1246 1165 1314 1232 per
1330 1165 1365 1208 se

283 1248 492 1320 beneficium
509 1251 613 1336 dare,
636 1254 899 1346 expetenda-reo
917 1271 1027 1340 esset3
1049 1281 1125 1348 quae
1144 1281 1366 1350 quocumque

282 1367 387 1448 loco',
406 1384 441 1436 et
452 1392 669 1462 quocumque
680 1369 779 1438 modo
791 1369 945 1454 daretur,
958 1371 1165 1444 beneficium
1176 1365 1310 1450 θῆκ’.»
1322 1413 1363 1426 -

241 1490 258 1542 3
283 1481 498 1553 Honestum⁴
516 1503 658 1580 propter
671 1487 800 1557 nullam
814 1489 913 1557 aliam
929 1513 1084 1575 causam,
1102 1515 1202 1582 quam
1219 1507 1366 1584 propter

282 1601 412 1693 ipsum,
428 1603 615 1694 sequimur.
631 1604 762 1671 Tamen
777 1605 839 1672 etsi
853 1603 941 1676 nihil
957 1603 1051 1672 aliud
1063 1591 1275 1696 sequendum
1295 1622 1363 1688 est,

281 1716 467 1806 quaerimus
477 1715 562 1807 quid
573 1716 735 1785 faciamus
748 1767 757 1799 ‚
771 1733 805 1784 et
819 1716 976 1814 quando,
994 1734 1029 1784 et
1042 1716 1332 1810 quemadmodum
1352 1747 1360 1784 ι

280 1853 344 1921 per
361 1829 435 1898 haec
452 1832 541 1899 enim
559 1849 702 1934 constat.
725 1834 844 1932 Itaque
859 1857 963 1926 quum
980 1832 1070 1927 eligo
1090 1831 1240 1903 cuidem
1258 1833 1367 1902 bene-

211 1959 213 1962 ’
281 1945 420 2029 ficium,
442 1946 478 2015 id
495 1971 582 2041 ogo,
603 1964 641 2016 ut
659 1946 865 2017 beneficium
880 1951 924 2018 sit
945 1977 952 2016 :
971 1952 1051 2043 quia
1069 1953 1097 2018 si
1118 1953 1212 2044 turpi
1233 1951 1361 2034 datur,

280 2084 345 2129 nec
361 2061 542 2131 honestum
557 2087 630 2132 case
646 2079 778 2156 potest,
802 2090 866 2138 nec
883 2065 1101 2136 beneficium.

318 2259 447 2324 nDict'ta's,
456 2263 550 2331 inquit.
557 2259 651 2336 Supple
660 2261 791 2335 Epicurus.
842 2261 970 2336 Lampade
976 2263 1062 2316 critica
1070 2263 1181 2318 collectis
1189 2265 1277 2319 videre
1284 2265 1356 2332 licet,

281 2337 459 2407 Obiectionem
475 2338 576 2410 exponit
584 2359 664 2410 nsque
674 2338 705 2391 ad
715 2339 791 2393 verba
840 2342 953 2394 solemne
965 2341 1022 2410 fuit,
1033 2341 1126 2412 ubique
1136 2355 1180 2394 aut
1188 2342 1356 2408 archaismos,

279 2417 422 2480 honesturn,
435 2415 792 2490 etr-tquodquomagispers·
841 2431 884 2471 aut
897 2420 1005 2472 comicas
1027 2432 1052 2472 et
1072 2440 1113 2473 eas
1134 2420 1306 2494 elegantiores
1331 2425 1361 2476 iis

276 2493 382 2566 pienum
391 2506 466 2561 esset,
475 2495 577 2549 directae
587 2496 710 2549 orationis
717 2497 791 2570 signa
840 2497 906 2550 visas
911 2498 1035 2570 loquendi
1053 2501 1146 2552 formas
1159 2513 1269 2574 captare,
1278 2514 1304 2554 et
1314 2503 1360 2556 nbi

279 2595 294 2620 α
296 2595 373 2625 .........
387 2573 554 2628 adhibuimus.
840 2575 1360 2646 veluullnsiislorosmsetinfarcirefian·

313 2671 335 2702 a.
360 2651 430 2723 Quoe
455 2672 615 2722 qttocumqne
636 2656 698 2706 loco.
721 2644 792 2705 Sicut
841 2653 1100 2728 teitaqueagendum
1109 2655 1363 2730 estuobisproestan·

278 2728 447 2800 praecedentia
459 2750 517 2783 cum
531 2730 612 2783 Gron.
626 2749 708 2782 emas.
718 2749 792 2782 cons·
843 2730 1000 2784 tissimorum
1020 2732 1090 2785 istius
1107 2733 1229 2806 temporis
1245 2734 1362 2788 virorum

279 2805 506 2879 titui:namquum
514 2808 794 2875 nontl'roetercaquoe·
841 2809 1035 2862 commentarios
1068 2809 1246 2865 evolventibus
1276 2811 1362 2868 discu-

279 2886 351 2948 ritis,
370 2887 413 2938 cui
433 2885 552 2936 dandum
568 2886 604 2936 stt
622 2884 791 2954 benficium,
841 2885 1001 2939 tientibusve.

182 3021 185 3030 Ι
279 2963 306 3014 in
318 2963 372 3016 ullo
383 2964 474 3038 scripto
484 2976 526 3016 aut
537 2963 601 3016 olim
612 2963 679 3016 edito
690 2981 792 3031 compa·
872 2965 897 3016 3.
906 2965 1066 3035 Beneficium
1076 2977 1141 3017 emt·
1150 2965 1211 3018 Post
1219 2965 1277 3020 hnc
1285 2965 1361 3019 verba

278 3056 366 3110 reant,
386 3044 430 3098 sed
451 3043 550 3096 Emmi
567 3044 646 3096 codex
667 3054 792 3117 prestet:
840 3042 1067 3112 quidameditores
1088 3042 1203 3097 lacunam
1221 3045 1361 3118 suspican-

279 3122 410 3175 Proeterea
421 3125 553 3191 quaeritis,
569 3124 612 3175 cut'
620 3123 688 3173 detis
701 3120 793 3189 benefi-
840 3120 1036 3191 tur;Logronge
1042 3120 1250 3194 henneaignum
1263 3125 1360 3198 apponi

277 3203 346 3256 cium
360 3239 367 3260 ,
390 3199 495 3275 exprimi
515 3199 601 3253 curavi
615 3237 622 3262 ,
644 3219 790 3269 quanquam
840 3197 919 3270 jussit.
930 3197 981 3252 Sed
994 3197 1143 3252 haecomnia
1151 3198 1252 3252 interse
1262 3202 1359 3272 optime

278 3280 409 3349 quomodo
419 3281 486 3332 detis
500 3277 584 3338 desint
596 3297 602 3332 :
613 3277 648 3334 ita
659 3297 714 3336 non
725 3281 790 3348 qnia
839 3275 983 3339 coherent,
995 3275 1138 3330 dummodo
1148 3277 1191 3330 hic
1203 3277 1307 3334 absolvi
1314 3279 1359 3334 ob-

278 3361 348 3410 eru'm
362 3357 463 3430 scripti,
480 3358 524 3410 sed
539 3375 598 3426 qum
612 3375 684 3425 quar·
699 3359 717 3414 Ι.
730 3375 789 3408 cum
840 3354 1358 3429 jectionem‚inciperevcroresponsionem

280 3433 397 3486 Pinciani
404 3432 485 3497 libris,
495 3453 574 3504 quum
582 3431 689 3506 hocipso
697 3431 724 3483 in
732 3431 792 3490 loco
839 3431 982 3484 attenderis.
992 3433 1078 3502 ltaque
1086 3434 1128 3486 hic
1136 3433 1241 3506 signum
1249 3435 1357 3488 adhibui

280 3512 358 3564 codex
369 3513 432 3564 Nar.
441 3510 605 3584 interpolatus
616 3509 664 3572 sit,
684 3528 731 3564 uec
741 3528 790 3560 co-
840 3529 890 3580 quo
901 3509 1027 3564 indicatur
1035 3511 1127 3562 mutari
1139 3511 1356 3568 interlocutorem.

260 3591 371 3644 0micarn
380 3591 627 3663 loquendilormam‚
639 3609 688 3659 qua
696 3590 791 3642 Seneca
873 3587 889 3651 4
907 3585 1056 3640 Honestum
1063 3597 1181 3655 propter,
1189 3601 1237 3642 etc.
1244 3589 1358 3662 Respon-

280 3671 317 3724 uti
337 3692 390 3730 non
411 3671 490 3735 solet,
513 3689 541 3720 ex
563 3655 713 3742 interpolato
732 3665 789 3731 illo,
840 3663 918 3718 sionis
933 3663 1167 3737 initium.0bjectio
1180 3667 1262 3738 prima
1271 3669 1356 3721 verbis

281 3749 376 3824 aliqqui
385 3748 587 3823 praestantissimo
597 3748 685 3800 codice
693 3787 701 3814 ,
710 3767 791 3817 quan·
841 3741 944 3812 quidem
956 3761 1008 3794 ¹¹⁰⁰
1018 3744 1207 3804 refulfliubstd
1215 3765 1260 3809 rt,
1277 3766 1354 3816 quim

281 3848 356 3898 quam
366 3828 439 3880 Grut.
450 3840 475 3879 et
485 3827 602 3879 Gronov.
614 3825 734 3888 suadent,
746 3846 792 3878 re·
841 3823 905 3875 illud
922 3823 1057 3879 honestum
1074 3823 1267 3896 complectitur,
1286 3826 1356 3895 quod

281 3907 362 3980 cipere
374 3907 489 3962 audeam.
500 3904 598 3958 Criticis
608 3917 693 3957 autem
705 3903 791 3959 saeculi
842 3913 942 3974 propter
964 3901 1046 3974 ipsum
1065 3913 1177 3954 stamunt
1195 3904 1355 3973 sequendum

281 3983 374 4037 decimi
383 3984 444 4036 sexti
456 3997 480 4035 et
492 3983 592 4055 septimi
605 3982 731 4050 comicos,
745 3983 792 4034 in·
841 3982 920 4034 Stoici
929 4001 935 4036 ε
943 3983 988 4052 qui
1001 4003 1026 4034 se
1037 3997 1210 4052 competentes
1218 4005 1277 4036 cum
1288 3985 1355 4058 agri·

281 4060 508 4134 primisl’lautum‚
519 4059 790 4129 nocturnadiurnaque
841 4061 896 4112 tola
913 4059 940 4112 in
957 4059 1081 4133 eligendis
1097 4061 1189 4133 quibus
1200 4061 1356 4116 beneficium

281 4159 358 4190 manu
367 4139 537 4198 versantibus,
548 4140 616 4211 quod
628 4159 650 4192 e.
661 4159 683 4193 r.
694 4159 707 4190 e
720 4137 790 4191 libris
840 4140 953 4202 daretur,
966 4159 1019 4190 uon
1033 4139 1182 4203 utilitatem,
1197 4141 1240 4194 sed
1249 4161 1358 4214 scopum

279 4217 370 4278 criticis
383 4218 453 4271 istius
470 4219 587 4291 temporis
604 4239 618 4272 a
635 4217 744 4270 Grutero
764 4216 789 4268 in
840 4227 1019 4287 spectaverunt.
