2884 4958
322 413 390 503 tit
658 405 725 476 ns
750 409 1063 484 ennarrans

280 553 296 608 t
322 547 427 616 multa
440 543 529 614 liber
544 543 587 612 sit
609 547 634 608 ¹.
655 545 796 612 Interim
810 543 987 630 utemini,
1005 547 1033 615 si
1048 545 1111 615 tibi
1126 527 1312 618 ostendero
1333 549 1387 618 ali-

320 685 422 757 quem
438 683 570 730 scrvum
589 683 652 752 pro
669 659 801 728 salute²
821 659 947 730 domini
966 664 1042 741 sui,
1073 665 1147 733 sine
1162 681 1326 759 respectu
1343 670 1385 736 sui

319 779 535 848 dimicantem
568 790 603 844 et
625 777 815 846 confossum
838 777 1065 865 vulneribus,
1091 781 1258 876 reliquias
1284 799 1385 854 umen

318 896 496 990 sanguinis
515 892 559 962 ab
578 893 662 988 ipsis
674 889 856 963 vitalibus⁵
873 895 1094 979 fundentem,
1118 913 1153 966 et
1171 915 1210 967 ut
1224 899 1288 970 ille
1312 903 1386 970 effu-

320 1011 437 1106 giendi
460 1025 593 1103 tempus
616 1007 767 1094 habeat,
790 1033 918 1080 moram
940 1035 1002 1084 sua
1027 1031 1135 1084 morte
1156 1033 1381 1108 querentem:

212 1133 215 1140 '
277 1128 293 1193 l
319 1129 413 1198 bunc
425 1144 463 1197 tu
476 1126 617 1220 negabis
630 1125 836 1194 beneficium
850 1124 1007 1214 dedisse,
1023 1131 1104 1223 quia
1118 1155 1236 1202 servus
1258 1151 1313 1203 est
1328 1137 1342 1202 i
1355 1137 1385 1204 Si

318 1244 382 1312 tibi
395 1240 578 1313 ostendero
597 1241 771 1332 aliquem,
795 1257 834 1310 ut
854 1258 985 1311 secreta
1006 1243 1135 1314 domini
1152 1247 1281 1344 prodat
1301 1249 1385 1318 nulla

317 1360 454 1452 tyranni
471 1357 715 1452 pollicitatione
729 1370 947 1449 corruptum,
964 1359 1067 1429 nullis
1087 1364 1245 1432 territum
1261 1367 1382 1446 minis,

316 1476 420 1545 nullis
433 1469 640 1544 eruciatibus
654 1474 803 1554 victum,
820 1474 1007 1562 avertisse,
1028 1482 1191 1568 quantum
1210 1483 1381 1572 potuerit,

314 1593 525 1686 suspiciones
535 1590 732 1682 querentis,
745 1605 779 1658 et
788 1590 995 1684 impendisse
1008 1594 1164 1686 spiritum
1177 1594 1261 1665 fidei
1279 1624 1286 1664 :
1302 1597 1385 1665 hune

313 1728 350 1778 tu
364 1708 507 1803 negabis
520 1707 725 1776 beneficium
745 1705 881 1775 domino
895 1705 1052 1793 dedisse,
1068 1711 1149 1804 quia
1171 1736 1294 1783 servus
1307 1731 1356 1783 est
1371 1717 1383 1782 i

199 1851 204 1860 ’
274 1833 289 1882 5
312 1825 401 1896 *vide
415 1849 460 1894 ne
471 1847 513 1894 eo
527 1824 635 1916 majus
648 1823 692 1892 sit
704 1874 714 1905 ,
726 1845 795 1916 quo
809 1826 920 1892 rarius
932 1839 984 1893 est
996 1827 1188 1922 exemplum
1201 1833 1341 1900 virtutis
1354 1833 1383 1899 in

313 1937 442 2016 servis⁴
458 1973 468 2031 3
487 1968 596 2036 eoque
611 1944 762 2036 gratius,
781 1942 894 2036 quod,
912 1967 1018 2035 quum
1035 1946 1107 2015 fere
1120 1948 1232 2017 invisa
1246 1951 1385 2044 imperis

312 2065 406 2146 sint,
436 2077 471 2129 et
501 2062 611 2128 omnis
634 2061 816 2127 necessitas
842 2060 986 2154 gravis,
1014 2085 1191 2132 commune
1215 2069 1384 2136 servitutis

312 2179 428 2250 odium
452 2180 489 2248 iu
512 2178 630 2270 aliquo
655 2175 787 2244 domiui
806 2177 929 2246 caritas
948 2178 1042 2247 vicit.
1068 2179 1120 2247 lta
1138 2203 1209 2249 non
1229 2181 1311 2250 ideo
1331 2183 1384 2250 be·

312 2293 474 2361 aeficium
491 2305 649 2372 nonest,
669 2291 750 2384 quia
767 2314 788 2358 a
806 2311 902 2359 servo
921 2291 1110 2384 proiectum
1129 2307 1181 2363 est
1203 2324 1213 2381 ς
1235 2295 1299 2364 sed
1313 2293 1382 2364 ideo

313 2411 444 2504 majus,
469 2411 550 2502 quia
567 2410 743 2478 deterrere
761 2407 805 2476 ab
824 2408 882 2477 illo
902 2431 966 2478 nec
982 2413 1129 2480 servitus
1151 2415 1296 2505 quidem
1323 2439 1383 2508 po-

312 2531 405 2599 tuit?
922 2589 926 2604 .

243 2707 245 2710 ,
359 2643 443 2714 XX.
464 2645 587 2725 Errat,
606 2642 727 2734 siquis
745 2642 915 2710 existimat
931 2643 1129 2712 servimtem
1142 2645 1180 2712 in
1198 2637 1309 2716 totum
1323 2649 1382 2715 bo·

312 2762 438 2846 minem
456 2758 666 2827 descendere
685 2784 692 2824 :
712 2779 792 2851 pars
815 2757 936 2826 melior
953 2758 1027 2850 ejus
1056 2777 1196 2854 excepta
1216 2779 1282 2832 est.
1303 2766 1383 2834 Cor-

310 2903 394 2971 pora
410 2873 557 2946 obnoxia
570 2891 649 2944 sunt
663 2924 673 2957 ‚
689 2891 725 2942 et
734 2865 926 2967 adscripta⁵
941 2873 1089 2944 dominis
1108 2903 1117 2942 ι
1137 2897 1235 2946 meus
1247 2880 1383 2971 quidem

312 2995 364 3060 sul
374 2993 464 3086 juris
477 3021 487 3078 3
507 3013 585 3084 quae
598 2987 683 3057 adeo
697 2988 807 3057 libera
821 3004 856 3056 et
870 3011 955 3084 vaga
970 3005 1042 3076 est,
1060 3005 1100 3059 ut
1112 3015 1156 3059 ne
1168 2991 1212 3060 ab
1228 2995 1296 3064 hoc
1310 2997 1384 3088 qui·

347 3221 369 3255 r.
380 3202 556 3255 Etiam....sit.
564 3199 706 3254 {ieiunatis
715 3198 820 3254 Senecae
871 3219 893 3254 r.
903 3199 978 3254 eorde
989 3210 1013 3252 et
1025 3201 1098 3254 venis
1106 3205 1267 3274 teneque,
1279 3217 1305 3257 et
1320 3205 1382 3258 tatia

311 3279 463 3333 verberant.
474 3277 676 3342 Etiemtiitasit,
688 3287 717 3332 ut
729 3277 821 3340 tutis,
871 3297 934 3350 quos
953 3278 1083 3352 capillatos
1103 3293 1214 3346 vocent,
1234 3283 1381 3352 mapulam

312 3370 397 3410 tamen
412 3357 542 3428 probabo,
562 3360 591 3410 in
602 3360 688 3410 indta
707 3354 822 3428 negotis,
873 3356 922 3410 bue
937 3355 997 3412 illuc
1013 3356 1150 3412 ferentibus
1167 3358 1343 3430 pernembre.

311 3433 449 3498 beneficia,
461 3434 673 3490 eumlibertatsm
683 3434 784 3488 babere.
811 3484 814 3490 ,
906 3435 1046 3500 dilutius
1060 3441 1263 3506 eumaeum
1279 3443 1380 3492 ohtam

346 3515 667 3584 s.Aliqurmservwnpro
676 3515 824 3579 rotatque.
874 3514 902 3564 r'n
917 3517 1005 3566 servis.
1024 3513 1103 3581 Quod
1120 3533 1168 3568 nos
1187 3516 1314 3588 aptissime
1332 3516 1378 3585 jam

312 3591 435 3664 Exempla
452 3591 547 3644 similia
564 3591 725 3645 laudavimus
745 3590 824 3644 modo
873 3589 1029 3643 monuimus.
1042 3591 1180 3665 vid-supr.
1195 3594 1228 3646 ad
1244 3605 1318 3668 capnt
1329 3594 1374 3656 18,

312 3667 344 3720 ad
356 3688 377 3720 e.
393 3668 466 3737 td,§
482 3667 612 3732 ,laval
630 3667 735 3721 Maxim.
750 3666 824 3721 Adde
873 3667 959 3739 ibique
970 3681 1024 3722 not.

312 3745 454 3819 exemplum
469 3743 598 3798 fidetium
610 3764 742 3798 servorum
755 3744 824 3798 Cor·
905 3747 962 3800 XX.
972 3749 1047 3802 Aac.
1056 3748 1133 3802 Pom
1145 3748 1172 3800 in
1183 3749 1270 3802 servili
1280 3765 1375 3819 corpore

311 3826 368 3878 auti
376 3824 444 3896 apud
455 3821 582 3876 Plutarch.
594 3821 622 3874 in
632 3821 694 3874 viu
708 3820 737 3874 C.
747 3821 824 3876 Marii
872 3824 958 3878 viriles
970 3817 1083 3890 animos,
1101 3825 1177 3880 virile
1189 3827 1322 3898 ingenium
1335 3825 1374 3876 in-

311 3925 336 3976 p.
346 3901 393 3970 431
406 3903 437 3956 B.
448 3902 505 3954 fres.
517 3912 542 3952 et
550 3899 630 3952 Tacit
641 3899 735 3953 Hister.
746 3899 790 3952 lib.
799 3901 821 3962 l,
871 3902 972 3956 tardum
981 3903 1116 3976 vigescere.
1128 3903 1247 3958 bibente
1259 3900 1375 3976 quidquid

310 3980 394 4052 :apd
410 3999 419 4034 .·
433 3978 599 4032 «contumax
613 3976 689 4029 etiam
705 3975 823 4030 adversus
866 3997 886 4032 ,ι
896 3993 980 4032 mente
995 3982 1080 4046 venit3
1093 3982 1201 4036 liberum
1218 3981 1288 4036 hune
1300 3983 1373 4056 ipsun

309 4065 435 4110 tormenta
443 4074 574 4109 servorum
583 4051 822 4109 fido-Mutunus
871 4056 1168 4131 qnisppellatureervns.

309 4125 383 4185 dabir
394 4133 530 4207 Pignorius
540 4134 572 4186 de
585 4131 679 4186 servis.
905 4137 928 4186 5.
949 4135 1099 4206 Adscriptu·
1122 4137 1231 4191 Addua
1253 4137 1370 4196 dominis,

341 4211 366 4262 3.
382 4213 524 4266 Vitalium.
540 4209 627 4284 Suppl.
643 4209 779 4277 mernbris,
800 4229 822 4261 e.
872 4211 1029 4278 emptionum
1040 4213 1130 4266 tabulis
1142 4215 1292 4277 mancipata.
