2876 4956
310 461 376 528 368
643 456 712 526 DE
733 455 1049 528 BENEFlCllS
1091 517 1094 526 .

309 591 368 680 qui
386 611 456 655 non
472 586 583 655 aufert
603 613 610 652 ι
628 585 752 655 deinde
766 585 919 654 absoluto
934 636 944 669 ,
960 602 995 656 et
1008 591 1124 681 agenti
1137 592 1285 684 gratias,
1301 620 1380 688 por-

307 706 393 772 rexit
408 701 626 771 osculandum
637 700 810 770 sinistrum
823 700 958 793 pedem.
975 703 1046 796 Qui
1058 723 1218 775 excusant
1234 757 1243 790 ‚
1268 726 1306 777 et
1317 737 1378 780 nc-

308 841 389 919 gant
401 822 452 890 ¹id
460 821 646 890 insolentias
655 845 755 889 causa
768 820 889 888 factum
900 869 911 904 ‚
922 822 1018 890 aiunt
1028 825 1197 893 socculum
1204 847 1375 910 auratum,

307 942 409 1008 immo
422 961 576 1020 aureum,
595 937 787 1029 margaritis
803 934 1014 1023 distinctum,
1031 940 1209 1009 ostendere
1225 965 1307 1011 eum
1321 969 1377 1011 vo-

307 1056 423 1125 luisse.
448 1057 499 1123 Ita
516 1076 654 1146 prorsus
674 1077 683 1118 ι
703 1051 790 1144 quid
807 1051 865 1120 hic
881 1053 1160 1123 contumeliosum
1180 1073 1234 1125 est
1245 1060 1305 1138 ,si
1328 1062 1378 1126 tir

307 1171 493 1240 consularis
502 1193 623 1238 aurum
637 1183 671 1235 et
682 1169 881 1260 margaritas
896 1167 1064 1237 osculatus
1079 1187 1130 1239 est
1142 1173 1157 1239 i
1170 1189 1205 1240 et
1222 1173 1377 1265 alioquin

253 1328 258 1342 ·
305 1286 433 1355 nullam
450 1299 581 1378 partem
601 1284 638 1352 in
658 1306 800 1375 corpore
823 1283 897 1374 ejus
922 1282 1116 1368 electurus,
1139 1311 1243 1378 quam
1259 1290 1377 1380 purins

265 1435 281 1468 2
305 1403 525 1472 oscularetur.
540 1403 647 1468 Homo
664 1413 763 1466 natus
779 1399 816 1464 in
834 1397 925 1481 hoo,
954 1413 993 1463 ut
1012 1422 1122 1466 mores
1141 1398 1261 1469 liberae
1292 1405 1373 1471 civi·

305 1520 383 1587 tatis
395 1517 531 1586 Persica
544 1515 705 1584 servitute
719 1518 731 1547 ²
746 1527 892 1582 mutaret
906 1561 916 1595 ‚
932 1535 1051 1604 parum
1065 1512 1236 1606 judicavit
1251 1566 1262 1600 ,
1280 1518 1310 1585 si
1324 1541 1377 1586 se-

305 1647 402 1699 nator
417 1651 542 1711 senex,
558 1627 731 1695 submissis
747 1615 977 1708 honoribus³‚
1002 1626 1040 1693 in
1064 1644 1249 1721 conspectu
1279 1632 1375 1723 prin·

304 1741 443 1840 cipum⁴
458 1744 598 1838 supplex
613 1743 701 1826 sibi,
724 1765 764 1812 eo
781 1764 875 1809 more
883 1740 1066 1831 jacuisset,
1084 1766 1151 1833 quo
1164 1745 1248 1813 victi
1264 1746 1378 1813 hostes

303 1860 625 1952 hostibusjacuere3
643 1857 772 1925 invenit
784 1855 915 1946 aliquid
930 1856 1019 1925 infra
1035 1881 1168 1950 genua,
1185 1884 1255 1951 quo
1270 1859 1378 1928 liber-

265 1986 281 2040 3
304 1991 405 2045 tutem
423 1973 631 2066 detruderet.
651 1975 727 2040 Non
745 1971 879 2037 honest
895 1971 1139 2066 rempublicam
1159 1973 1293 2042 mloere
1312 1976 1376 2042 iet

304 2094 441 2187 quidem
461 2089 577 2181 (dicet
589 2089 734 2180 aliquis,
753 2111 830 2154 nam
843 2102 957 2178 potest
972 2085 1017 2154 ad
1030 2111 1102 2155 rem
1119 2080 1131 2124 ⁵
1145 2091 1346 2182 pertinere)
1362 2142 1372 2172 ‚

304 2210 439 2278 sinistro
450 2206 537 2300 pede
547 2208 563 2275 i
573 2209 696 2274 Parum
717 2205 807 2272 enim
823 2202 911 2271 toede
925 2201 1119 2296 furioseque
1134 2205 1285 2276 insolens
1300 2207 1376 2276 lue-

304 2457 371 2526 Qute
380 2457 422 2509 bie
432 2457 463 2509 de
470 2457 532 2510 Caio
542 2453 655 2526 Caligula
668 2465 808 2516 narrantur,
858 2451 921 2504 adeo
931 2455 1135 2518 summissimt's,
1148 2453 1218 2523 qnod
1229 2468 1374 2508 monstrum

214 2523 217 2532 .
303 2530 809 2589 eeneminieliicommemorerimeminit
859 2527 1221 2602 induobuscodd.deprsvatis
1230 2532 1373 2598 invenerat,

302 2632 349 2665 nec
360 2613 443 2684 Lipsio
454 2612 593 2683 quidquam
602 2609 649 2661 hac
660 2608 690 2660 do
698 2627 724 2660 re
736 2606 810 2659 inno·
858 2605 1001 2678 praetulerit.
1018 2605 1069 2658 Sed
1086 2607 1192 2660 bonum
1211 2617 1375 2664 summittere

302 2691 356 2743 tuit.
364 2693 436 2743 Putat
446 2704 541 2755 temen,
550 2707 602 2741 esse
612 2685 728 2738 eumdem
736 2685 810 2737 Pom·
859 2683 889 2736 de
901 2685 1012 2757 supplice
1020 2685 1159 2740 bonoribus
1167 2689 1255 2740 iuncto
1263 2693 1372 2742 summis

301 2771 402 2842 poium,
414 2789 489 2840 quem
499 2781 583 2843 postea
595 2769 660 2818 lame
672 2764 738 2817 mori
755 2785 810 2816 coe·
857 2773 882 2814 et
892 2761 1063 2832 ignominiose
1073 2761 1160 2817 habito
1172 2765 1237 2818 bene
1248 2766 1316 2829 dici,
1327 2787 1373 2818 ne·

301 2851 365 2919 gerit
374 2847 440 2899 illud
451 2859 591 2898 monstrum
602 2883 610 2911 ,
625 2842 717 2915 quippe
729 2841 808 2894 borni·
856 2857 899 2889 mo
911 2839 984 2891 facile
992 2859 1059 2890 nune
1068 2840 1179 2894 dubitet:
1188 2857 1375 2896 uenissenten·

301 2943 361 2975 nem
375 2923 522 2996 opulentum
538 2932 562 2973 et
576 2919 725 2993 locupletem
736 2939 807 2990 supra
857 2914 898 2968 llae
910 2915 973 2968 adeo
984 2915 1099 2988 postulet.

302 3000 431 3072 plerosque
443 2999 482 3052 sui
492 2998 552 3058 nvi,
566 2997 658 3067 dequo
670 2995 739 3048 idem
756 2996 808 3048 Se·
889 2992 1301 3063 4.1nconspectuprtnctpum.l.e.
1310 3019 1371 3071 pro·

301 3096 362 3130 nece
371 3077 400 3129 de
410 3077 505 3145 Trenq.
519 3074 604 3127 Animi
614 3094 634 3125 c.
643 3074 678 3125 xl
688 3075 805 3146 exposuit.
856 3091 940 3123 cerum
957 3083 981 3124 et
995 3071 1080 3146 populi
1094 3072 1244 3145 primorum,
1258 3076 1371 3129 Senato-

300 3154 374 3207 Alius
385 3166 468 3206 temen
480 3152 556 3222 luerit
566 3171 665 3204 necesse
673 3165 720 3216 est,
726 3171 806 3222 quum
854 3169 924 3215 rum,
935 3151 1055 3224 explicere
1065 3150 1154 3203 meluit
1163 3153 1277 3226 Lipsius,
1290 3176 1370 3226 quam

300 3233 332 3286 ed
344 3245 444 3306 gentem
460 3233 605 3286 Pentrorum
617 3229 659 3282 hic
669 3229 806 3302 Pompeius
853 3226 956 3280 Gruteri
966 3227 1171 3280 emendationem
1179 3229 1370 3284 admitteretur

299 3311 455 3384 pertinuerit.
852 3318 983 3373 conspectu
993 3307 1026 3359 P.
1035 3307 1069 3360 R.
1080 3306 1101 3359 i·
1109 3327 1130 3358 e.
1139 3307 1233 3381 Populi
1245 3309 1369 3364 Romani.

335 3409 355 3442 ι.
371 3387 410 3441 Et
426 3399 527 3460 negant·
544 3388 587 3441 Sic
602 3383 691 3458 optimi
705 3385 803 3438 codices
851 3386 886 3436 As
898 3385 1039 3449 nescimus,
1054 3385 1118 3450 ubi,
1138 3386 1165 3438 in
1180 3387 1310 3442 Senatuue
1333 3411 1368 3442 an

299 3467 369 3520 Pinc.
381 3480 406 3519 et
415 3466 487 3518 Grut.
499 3467 581 3517 Antea
588 3461 716 3536 legebatur
726 3478 733 3515 τ
744 3481 804 3514 eum
853 3481 938 3514 cotem
952 3461 1046 3535 populo
1057 3501 1065 3527 ,
1084 3462 1116 3514 de
1130 3463 1209 3536 capite
1224 3465 1367 3518 consuleris

297 3557 398 3613 nepam,
856 3539 930 3612 hujus
937 3541 987 3594 viri
994 3541 1118 3594 audiverit
1128 3582 1136 3606 ,
1147 3541 1221 3616 judex
1230 3545 1324 3598 sederit
1335 3545 1367 3598 C.

332 3645 355 3678 a.
364 3626 471 3678 Persica
482 3625 610 3676 servitute.
621 3617 747 3672 Omnibus
757 3638 805 3672 no·
857 3619 982 3692 Caligula.

298 3712 337 3752 tus
351 3714 385 3753 est
402 3718 474 3774 reges
487 3695 619 3751 reverendi
631 3697 722 3750 modus
738 3695 804 3768 apud
886 3700 909 3750 5.
922 3697 1072 3767 thuidem
1085 3699 1200 3764 (dicet...
1210 3701 1369 3766 perticere).

298 3778 385 3832 Persas
397 3776 523 3830 adbibitus
535 3813 543 3841 ,
561 3774 606 3845 qui
619 3775 651 3827 ed
663 3793 741 3845 usque
753 3771 804 3824 lru-
852 3775 969 3828 Erasmns
979 3775 1073 3849 aliique
1083 3779 1216 3847 equidem,
1225 3776 1296 3830 unde
1305 3777 1365 3829 Mn·

297 3874 367 3908 mum
377 3853 490 3929 prostrati
501 3872 543 3906 eos
554 3851 701 3917 adorarent,
711 3851 805 3924 pedes-
852 3865 918 3908 retus
924 3863 949 3908 et
958 3856 1061 3924 quidem
1071 3855 1139 3908 lecit.
1154 3854 1367 3928 Mdensedje·

298 3954 346 4005 qne
354 3933 533 3988 oscularentur.
852 3932 886 3985 cit
902 3931 1047 3984 Gronovius
1067 3949 1074 3984 ι
1090 3952 1141 4003 quo
1155 3933 1343 4004 nequissemus
1356 3973 1364 3998 ,

330 4013 354 4064 ³.
364 4011 521 4065 Summis-sis
531 4007 803 4061 bonoribusomnium
852 4030 905 4063 non
917 4023 1031 4062 curantes
1042 4009 1168 4083 lipsium,
1186 4009 1229 4080 qni
1245 4029 1275 4062 ex
1288 4010 1364 4062 seriis

298 4091 370 4144 codd.
384 4091 476 4144 lectio:
492 4103 517 4142 et
530 4089 601 4142 Pine.
617 4101 641 4140 et
652 4088 764 4140 Muretus
776 4109 804 4140 ex
852 4085 1003 4140 lectionibus
1014 4087 1108 4156 litiget,
1121 4090 1201 4139 licitet
1212 4088 1292 4140 iecit.-
1307 4091 1365 4140 locet

297 4171 363 4240 conj.
375 4174 485 4222 surnme's
498 4187 561 4220 usus
575 4167 728 4227 honoribus,
745 4165 805 4238 Lip·
852 4169 950 4234 aliquis
963 4184 1014 4216 non
1026 4174 1100 4233 putet
1112 4167 1151 4216 ad
1163 4185 1215 4218 rem
1226 4171 1361 4234 pertram.

297 4242 802 4314 simsummislon.,qui‚quodmireris‚
852 4241 925 4294 Nihil
937 4239 997 4294 inde
1010 4240 1144 4295 lucremur.
