2954 4926
296 391 362 481 590
631 387 698 456 na
721 387 1030 460 nnussrcus

294 521 391 588 statis
408 545 415 585 ε
435 517 585 586 eundum
602 533 675 602 est,
697 543 766 614 qua
783 519 953 588 ducimur.
975 523 1016 590 ln
1037 521 1208 592 beneficio
1226 541 1296 594 tota
1315 551 1381 620 po-

295 650 397 730 testas
416 659 490 704 mea
508 652 559 706 est
577 664 585 702 ε
606 659 672 732 ego
690 637 807 730 itaque
820 635 940 730 judico
961 635 1043 728 illa3
1065 663 1135 708 non
1152 645 1294 735 separo,
1316 669 1380 713 nec

295 754 438 836 diduco,
462 751 523 822 sed
548 754 691 846 injurias
717 777 759 822 ac
787 753 958 823 beneficia
978 754 1023 823 ad
1051 757 1209 826 eumdem
1227 759 1378 852 judicem

298 871 395 938 mitto
404 881 427 936 ¹.
445 869 610 961 Alioquin
618 866 723 964 jubes
736 892 792 936 mc
805 867 925 938 eodem
939 885 1094 964 tempore
1108 897 1224 944 amare
1238 893 1274 944 et
1286 876 1382 946 odis-

252 998 269 1052 ³
295 1008 353 1066 se,
374 985 474 1077 queri
492 999 528 1052 et
542 984 669 1078 gratias
685 1003 790 1078 agere
809 1009 817 1047 :
835 981 928 1075 qnod
943 999 1065 1054 natura
1078 1010 1148 1056 non
1164 989 1304 1082 resipit.
1314 993 1381 1060 Po-

296 1102 363 1169 tius
379 1100 632 1194 comparatione
650 1099 738 1166 faeta
755 1099 848 1166 inter
864 1121 901 1165 se
919 1098 1081 1170 beneficii
1098 1117 1133 1170 et
1151 1103 1311 1196 injuriat,
1325 1109 1381 1174 vi-

295 1215 383 1286 debo
405 1241 449 1285 an
473 1216 574 1282 etiam
591 1215 683 1282 ultro
708 1214 794 1282 mihi
820 1213 998 1283 debeatur.
1023 1217 1104 1310 Quo
1126 1219 1230 1287 modo
1247 1222 1278 1288 si
1300 1223 1380 1314 quis

297 1333 434 1427 scriptis
447 1331 593 1412 nostris,
609 1330 695 1399 alios
708 1351 856 1424 superne
870 1330 1061 1424 imprimit²
1075 1327 1229 1414 versus³,
1245 1337 1381 1427 priores

295 1446 425 1516 litteras
441 1471 512 1515 non
529 1443 635 1528 tollit,
659 1444 719 1513 sed
733 1444 913 1514 abscondit
930 1473 938 1512 ε
959 1448 1009 1514 sie
1029 1448 1238 1518 beneficium
1254 1475 1380 1546 super-

294 1565 437 1632 veniens
453 1553 599 1655 injurial
618 1583 786 1655 apparere
805 1583 875 1628 non
892 1561 1033 1654 patitur.

343 1680 415 1748 vn.
435 1675 558 1745 Vultus
584 1692 679 1760 tuus,
702 1677 758 1744 eui
777 1676 967 1770 regendum
986 1701 1040 1746 me
1058 1675 1211 1764 tradidi,
1243 1682 1381 1775 colligit

296 1817 421 1890 rugas,
443 1810 477 1862 et
495 1793 601 1862 trahit
615 1783 797 1875 frontem⁵,
817 1793 914 1886 quasi
931 1792 1069 1886 longius
1085 1817 1214 1864 exeam.
1235 1797 1378 1866 Videris

296 1910 382 1978 mihi
397 1909 514 1977 dicere
532 1933 540 1974 ε

397 2062 470 2146 Quo
483 2075 601 2124 tantum
614 2060 690 2124 milti
704 2063 808 2124 dexter
822 2061 912 2122 abis?
929 2061 988 2124 buc
1001 2063 1098 2146 dirige
1114 2085 1247 2126 cursim.

399 2167 497 2232 Littns
512 2165 616 2232 amafl.

296 2321 372 2385 Non
383 2338 519 2409 possum
534 2313 677 2404 magist.
696 2311 816 2403 Itaque
831 2309 859 2376 si
873 2307 958 2378 huic
972 2310 1178 2380 satisfactum
1194 2313 1377 2395 existimas,

299 2435 356 2503 illo
376 2450 610 2513 transeamus,
630 2452 674 2497 an
691 2429 724 2495 ei
744 2427 910 2496 debeatur
931 2426 1083 2521 aliquid,
1111 2431 1172 2522 qui
1197 2431 1302 2500 nobis
1325 2435 1379 2500 in-

296 2553 387 2618 vitus
402 2547 545 2644 proluit.
567 2549 640 2614 Hoc
657 2543 808 2638 apertius
824 2544 919 2636 potui
934 2543 1076 2629 dicere,
1100 2546 1166 2614 nisi
1187 2549 1380 2641 propositio

299 2665 446 2735 deberet·
461 2689 535 2732 esse
556 2662 744 2744 confusior,
774 2659 1012 2730 ut·distinctio
1034 2664 1147 2730 statim
1170 2664 1380 2757 subsequuta

298 2783 491 2852 ostenderet
500 2797 683 2872 utrumque
696 2779 823 2870 quaeri,
840 2800 885 2845 an
899 2781 932 2852 ei
946 2779 1169 2869 deberemus,
1189 2785 1251 2874 qni
1264 2783 1378 2866 nobis,

298 2899 379 2967 dum
398 2922 467 2967 non
483 2897 578 2981 vult,
600 2895 752 2988 proluit3
773 2907 807 2962 et
825 2916 870 2960 an
888 2895 945 2977 ei,
967 2896 1028 2986 qui
1047 2895 1129 2964 dum
1149 2897 1275 2998 nescit.
1298 2901 1380 2966 Nam

298 3017 326 3082 si
346 3016 425 3108 quis
444 3029 580 3082 coactus
596 3011 728 3104 aliquid
742 3010 823 3078 boni
845 3011 925 3109 lecit
944 3060 953 3091 ,
971 3012 1055 3102 quin
1074 3037 1135 3079 nos
1152 3037 1223 3080 non
1249 3013 1380 3108 obliget

334 3255 353 3288 ι.
365 3235 464 3300 Meua,
476 3247 596 3304 tanquam
609 3244 709 3306 proetor.
865 3233 909 3303 qui
922 3231 1101 3288 nobisinvitus
1116 3233 1250 3308 profuerit.
1262 3235 1382 3308 Negasne.

330 3338 354 3369 2.
365 3317 519 3388 Imprimit‚
536 3335 589 3368 non
604 3316 755 3382 imprimat,
768 3310 816 3362 he·
898 3314 966 3367 5.E1
973 3314 1055 3368 smhs't
1055 3316 1185 3388 stentem.
1200 3315 1381 3372 stesso-ttae

298 3392 358 3446 beut
368 3391 442 3446 codd.
450 3411 509 3444 ross.
864 3391 1088 3446 Declamationum
1099 3393 1147 3446 snb
1158 3393 1266 3446 nomine
1277 3393 1383 3462 Quinti·

331 3471 354 3526 3.
362 3473 434 3526 Aliis
443 3489 554 3539 superne
564 3471 695 3539 imprimit
703 3487 793 3520 versus
807 3507 815 3534 ‚
866 3471 931 3525 lieni
939 3473 1023 3526 rsita:
1034 3495 1047 3521 κ
1057 3472 1258 3526 admentionem
1267 3473 1381 3526 ciborum

297 3552 325 3603 in
342 3549 430 3602 ceratis
443 3547 560 3612 tabellis,
579 3566 686 3612 versus,
699 3548 816 3616 στίχους,
867 3550 972 3624 plenum
981 3551 1084 3603 fastidio
1094 3551 1194 3603 rnltnm
1204 3551 1306 3604 trabit.»
1317 3551 1382 3604 Gro-

296 3630 372 3680 series
386 3626 542 3692 litterarum,
555 3625 654 3678 Gallice
667 3629 758 3696 lignes.
866 3647 926 3680 nor.
940 3628 1007 3681 Addi
1015 3640 1095 3702 potest
1104 3628 1196 3682 Ovidii
1202 3631 1329 3682 Amor-II
1334 3668 1342 3692 ,
1353 3650 1381 3690 ι,

329 3705 353 3770 4.
363 3705 548 3774 Superveniens
559 3707 674 3770 injuria,
684 3725 739 3756 non
750 3707 815 3769 inju-
863 3705 991 3758 33.Antea
998 3706 1382 3777 :elanmditsmrrtm'semen

296 3787 384 3848 dam,
396 3784 470 3836 codd.
484 3803 542 3836 ross.
560 3782 633 3835 Grut.
649 3796 674 3835 et
685 3783 757 3835 Pinc.
766 3786 814 3848 As·
862 3783 899 3836 lv
907 3823 915 3850 ‚
929 3783 958 3836 31
971 3822 978 3846 ,
991 3783 1237 3856 3altmclrbrsmns
1249 3785 1366 3838 occurrit.

296 3879 384 3915 sensas
397 3874 434 3914 est
450 3861 560 3930 Lipsius.
574 3861 671 3916 Seneca
688 3861 762 3930 vult,
781 3861 812 3915 ab
895 3855 1010 3914 &littus
1021 3881 1093 3914 ama.
1103 3860 1197 3916 Versus
1205 3875 1268 3916 suot
1276 3862 1382 3936 Virgilii

296 3937 392 4010 injuria
400 3939 594 4013 superveniente
604 3940 727 3994 abscondi
737 3941 813 3995 bene·
863 3937 926 3990 AEn.
938 3939 979 4004 V,
995 3939 1049 3993 rba.
1078 3997 1081 4004 1

295 4015 383 4072 licium
396 4018 611 4073 anteaeollatum.
655 4039 658 4046 ·
896 4037 919 4084 7.
932 4017 994 4069 Non
1002 4037 1111 4088 possum
1122 4024 1219 4088 magis.
1232 4020 1382 4093 Respondet

327 4096 386 4148 vlt.
399 4098 468 4149 Aac.
482 4096 542 4150 Alia
556 4096 741 4167 quastinnenla
755 4116 815 4170 pro·
863 4094 962 4148 Seneca
981 4115 988 4148 :
1004 4115 1082 4168 quam
1093 4095 1203 4150 maxime
1215 4097 1276 4170 lego
1290 4096 1380 4156 littus,

295 4173 398 4250 ponitur
422 4193 479 4226 :an
503 4173 527 4226 ei
548 4175 667 4228 debeatur
690 4175 812 4246 aliquid,
863 4175 942 4228 altum
955 4175 1153 4250 disputationum
1168 4176 1231 4228 vito.
1246 4177 1279 4228 Et
1293 4175 1380 4240 rides,
