2966 4948
461 446 561 516 crn.
586 449 622 534 1,
649 449 759 517 car.
783 451 811 516 1.
1107 453 1173 546 317

101 576 232 644 datur:
256 591 289 644 et
306 576 383 645 ideo
406 600 475 644 non
492 595 543 646 est
557 579 774 672 negligenter
789 577 939 646 dandum
966 605 974 645 :
996 579 1061 648 sibi
1082 582 1174 650 enim

101 693 251 784 quisque
262 691 382 776 debet,
399 693 524 786 quoda
537 696 728 763 nesciente¹
745 695 877 787 accepit
888 722 898 780 3
911 718 976 763 nec
988 694 1084 763 tarde
1099 697 1175 789 qui·

101 809 184 877 dem
202 835 210 877 :
228 811 322 902 quia,
338 835 443 904 quum
455 812 492 878 in
506 813 597 878 omni
612 811 725 879 officio
739 813 853 904 magni
865 813 1051 882 aestimetur
1062 813 1174 883 dantis

101 923 282 1006 voluntas,
298 925 359 1016 qui
383 925 479 994 tarde
506 925 604 1008 iecit,
622 923 682 992 diu
702 924 829 1007 uoluit3
849 926 993 1017 utique²
1007 949 1076 994 non
1090 951 1173 1004 cou-
1200 937 1217 992 8

105 1037 313 1105 tumeliose:
340 1063 417 1106 nam
444 1063 549 1130 quum
573 1039 619 1106 ita
646 1054 766 1106 natura
790 1055 1017 1132 comparatum
1045 1042 1107 1124 sit,
1137 1055 1176 1110 ut

102 1151 209 1218 altius
230 1151 366 1243 injuriae
387 1177 487 1243 quam
510 1153 630 1220 merita
647 1151 873 1234 descendant,
896 1167 930 1219 et
947 1153 1006 1220 illa
1026 1153 1093 1221 cito
1111 1153 1175 1223 de·-

106 1268 240 1353 fluant,
259 1270 320 1337 has
342 1285 441 1337 tenax
468 1271 629 1338 memoria
658 1262 873 1338 custodiat³:
899 1267 985 1362 qnid
1006 1287 1176 1366 exspectat
1240 1343 1243 1352 ,

105 1387 167 1476 qni
193 1385 356 1470 offendit,
376 1385 456 1454 dum
474 1386 633 1480 obligat?
650 1387 738 1455 Satis
756 1385 917 1454 adversus
940 1387 1037 1455 illum
1059 1403 1175 1481 gratus

102 1519 176 1586 est,
199 1504 260 1594 qui
280 1503 447 1572 beneficio
467 1503 539 1596 ejus
556 1504 701 1596 ignoscit
714 1495 741 1570 ‘.
763 1506 839 1570 Non
856 1517 907 1570 est
928 1519 1040 1572 autem
1057 1496 1175 1596 ⁵quod
1199 1541 1216 1590 9

102 1613 271 1684 tardiores
296 1617 395 1684 iaciat
420 1615 465 1684 ad
493 1616 580 1684 bene
605 1612 802 1685 merendum
827 1616 927 1684 turba
946 1616 1170 1712 ingratorum.

99 1734 189 1799 Nam
207 1733 377 1826 primum,
404 1749 441 1804 ut
460 1732 554 1818 dixi,
581 1757 642 1802 nos
660 1733 752 1801 illam
774 1757 962 1827 augemus:
988 1733 1111 1802 deinde
1131 1758 1174 1803 ne

100 1848 186 1917 deos
204 1849 342 1942 quidem
372 1849 577 1920 immortales
595 1850 639 1918 ab
658 1849 724 1918 hac
742 1865 807 1918 tam
823 1851 929 1920 effusa
950 1846 1175 1922 ⁶necessitate
1286 1835 1292 1842 .

97 1965 258 2060 sacrilegi
279 1967 561 2060 negligentesque
588 1991 704 2035 corum
731 1965 916 2036 deterrent.
948 1970 1098 2036 Utuntur
1115 1993 1175 2036 na-

97 2099 178 2148 tura
204 2107 283 2165 sna,
305 2098 339 2150 et
362 2101 483 2152 cuncta
495 2134 506 2169 ‚
529 2086 686 2175 interque
707 2083 766 2151 illa
785 2084 875 2176 ipsos
894 2108 1073 2152 munerum
1098 2108 1176 2153 suo-
1254 2113 1257 2118 ·

98 2223 180 2266 rum
201 2199 305 2268 malm
324 2202 573 2294 interpretes⁷‚
593 2200 725 2292 juvant.
754 2201 823 2267 Hos
844 2223 1025 2292 sequamur
1045 2199 1171 2284 duces,

138 2425 159 2456 ι.
172 2407 201 2457 Α
211 2410 343 2461 nesciente.
359 2409 392 2462 Et
404 2408 452 2462 hoc
462 2408 522 2460 ferri
533 2419 612 2481 potest
662 2407 787 2479 acceptam
802 2405 933 2458 referimus
943 2425 982 2478 sp.
994 2405 1086 2458 lllattlr.
1099 2408 1133 2472 V,
1143 2407 1175 2472 45

100 2495 125 2534 et
145 2482 210 2537 illud
229 2501 235 2534 :
252 2505 271 2536 a
283 2489 421 2554 negligente
435 2505 444 2537 .·
458 2499 610 2556 utrumque,
662 2499 686 2537 et
702 2488 761 2538 Luc.
773 2485 819 2548 Vl,
835 2484 866 2536 35
883 2498 907 2536 et
923 2485 1004 2538 Paulo
1018 2487 1074 2538 Act.
1089 2491 1175 2560 Δροσί.

97 2563 230 2631 quodlere
240 2563 308 2615 idem
317 2564 397 2628 valet,
408 2577 529 2634 occupant
538 2563 611 2615 codd.
664 2565 703 2628 14,
718 2565 755 2628 15,
774 2559 810 2624 16,
824 2582 871 2614 nec
885 2561 975 2614 Stoicis
992 2562 1098 2632 aliisque
1113 2562 1175 2634 phi-

99 2657 160 2688 mss.
182 2640 301 2692 Erasmus
322 2640 453 2694 invenerat
472 2661 571 2710 quoqne
593 2661 611 2692 a
660 2640 772 2712 losophis
792 2640 901 2711 antiquis
916 2641 1057 2711 musteum
1080 2641 1175 2711 aliquo·

98 2720 209 2770 nolente.
661 2718 706 2772 ties
719 2719 808 2792 repetit
819 2730 919 2782 noster,
942 2719 990 2782 lll,
1004 2723 1043 2771 25.
1057 2718 1118 2783 vlt,
1134 2719 1174 2769 31.

136 2817 159 2848 2.
172 2795 275 2866 Utique.
283 2797 431 2850 Praesertim.
665 2797 727 2851 Haec
738 2817 794 2850 cnm
812 2797 867 2850 eliis
880 2817 934 2849 non
947 2798 1032 2850 minus
1050 2797 1176 2870 preclaris

136 2875 161 2926 3.
172 2875 247 2926 Nom
261 2897 342 2946 quum
345 2913 394 2930 ......
403 2878 542 2929 crestodiut.
556 2881 616 2928 An·
664 2876 794 2928 sententiis
805 2879 833 2929 in
843 2896 915 2929 causa
925 2877 986 2940 tuit,
1000 2877 1070 2947 qnod
1079 2877 1176 2928 Seneca

101 2955 173 3024 tique
184 2964 209 3003 et
222 2973 250 3005 ea
263 2973 323 3006 vera
336 2966 372 3004 est
386 2954 531 3006 observatio
544 2953 614 3018 lnce,
665 2951 711 3026 pro
723 2954 867 3008 Christiano
881 2954 1023 3008 haberetur.

103 3050 182 3102 quem
191 3032 310 3104 exemplis
318 3031 567 3104 adstruereputidnm
576 3031 615 3084 sit.
698 3032 722 3084 li.
749 3031 848 3104 Effusa
870 3037 1026 3086 necessitate.
1051 3033 1176 3084 Omnium

103 3111 261 3163 'raeinflise
273 3111 342 3174 lv,3
353 3109 457 3184 explicat
474 3127 479 3160 :
493 3109 552 3180 quia
561 3129 615 3181 gra·
665 3112 738 3164 codd.
751 3131 808 3162 mss.
821 3111 895 3163 lectio
911 3123 964 3176 est,
978 3131 1053 3181 quam
1064 3131 1116 3162 non
1132 3111 1177 3161 in-

102 3192 138 3242 tia
153 3190 244 3254 oneri,
269 3189 611 3261 ultioiuquaestuhabetur:
664 3189 788 3242 tellectam
800 3190 1177 3262 R-Agricolamutavitlibem·

105 3269 226 3323 similiter
235 3273 286 3324 lere
298 3269 400 3339 exponit
416 3269 469 3320 Dio
485 3267 553 3320 Cass.
565 3267 615 3333 44,
664 3272 747 3335 litote,
768 3268 860 3320 llluret.
873 3269 1037 3336 benegnitate.
1053 3267 1176 3320 Defendit

106 3347 148 3412 34.
166 3347 271 3418 Iniuria
288 3361 371 3402 autem
395 3348 483 3402 acriter
501 3359 618 3420 pungunt
665 3346 795 3419 vulgatam
810 3359 835 3399 et
847 3347 960 3418 esposuit
971 3347 1084 3399 Gronov.
1099 3344 1174 3396 Obss.

107 3426 241 3492 animum,
261 3427 322 3498 quia
337 3427 435 3480 virtutis
445 3448 464 3480 s.
475 3426 615 3491 bonorum,
666 3426 702 3487 ll,
717 3446 738 3477 a.
749 3445 773 3498 p.
787 3427 840 3489 174.
852 3425 891 3477 ed.
902 3423 958 3496 lips.
967 3449 1002 3462 -
1011 3425 1073 3478 llaec
1086 3443 1177 3476 ueces-

106 3504 291 3576 quibusjaeur,
299 3503 618 3579 partemsalternadimnnt,
666 3504 724 3556 sius
737 3514 773 3555 est
785 3502 880 3576 prolixa
895 3501 940 3553 illa
954 3515 977 3552 et
990 3503 1128 3555 necessaria
1142 3514 1177 3554 st-

107 3582 617 3658 ideoquealtinsdeseeaduntplerumque,
668 3602 716 3652 que
727 3581 802 3632 insita
814 3580 873 3654 ipsis
885 3579 933 3631 diis
951 3599 1039 3641 meus,
1052 3581 1177 3634 universe.

107 3680 187 3730 quam
203 3665 312 3728 merita,
331 3661 422 3732 quibus
442 3683 467 3714 se
485 3661 617 3733 indignum
667 3660 810 3714 mortalitati
818 3659 1022 3734 providendi.Sic
1030 3661 1175 3727 nosrsrvll,

108 3737 397 3812 haudl'aeilequisquam
405 3739 617 3810 judicatDiverso
665 3737 708 3802 31,
721 3741 782 3794 deos
793 3740 854 3793 dicit
864 3760 940 3792 unam
952 3739 1088 3814 potentiam
1101 3741 1177 3792 sorti·

34 3815 39 3825 '
107 3817 218 3890 proinde
233 3821 310 3872 modo
322 3839 392 3871 amor
403 3817 440 3869 sni
454 3837 480 3868 se
491 3815 592 3886 judicat.
668 3832 722 3882 tos,
734 3819 859 3888 prodesse.
869 3819 902 3885 V,
914 3839 931 3890 9
943 3820 977 3872 ait
990 3837 1017 3871 :s
1025 3819 1176 3873 beneficium

142 3894 276 3958 i-Sotis...
288 3901 412 3966 ¹ignoscit.
426 3895 521 3970 Nempe
533 3907 620 3948 conto·
668 3917 709 3950 res
729 3898 869 3951 voluntaria
883 3911 919 3952 est
934 3918 941 3951 ι
957 3910 984 3950 nt
993 3899 1108 3972 prodesse
1128 3898 1177 3951 sibi

107 3971 217 4024 melioso
236 3973 292 4041 illi,
309 3987 334 4027 et
351 3974 419 4045 qnod
436 3973 523 4025 odium
539 3971 619 4044 magis
669 3974 839 4028 necessarium
852 3987 896 4030 est.
909 3997 923 4022 a
938 3975 1041 4029 Consol.
1053 3979 1084 4028 ad
1098 3977 1177 4030 Helv.

106 4067 186 4118 quam
200 4052 306 4123 gratiam
317 4064 452 4104 merentur.
669 4051 699 4104 t:
713 4076 726 4104 a
740 4053 776 4104 lex
790 4065 813 4107 et
823 4067 917 4107 nature
929 4053 1068 4106 necessitas.
1081 4076 1094 4100 a

145 4127 170 4178 5.
181 4129 242 4181 Non
254 4141 388 4183 errantem
395 4132 466 4198 quod
472 4167 478 4188 .
490 4136 536 4182 ele.
546 4129 621 4198 Egre·
706 4151 728 4200 7.
741 4131 810 4183 Mat.
819 4135 923 4202 interpr.
937 4133 960 4183 l.
970 4130 1117 4204 sacrilegos,
1128 4133 1179 4184 im-

106 4209 177 4283 gism
191 4207 511 4278 hancsententiam‚quem
522 4209 621 4280 Christo
671 4207 733 4282 pios.
747 4209 800 4277 Qui
813 4211 924 4262 Deorum
935 4209 1002 4260 done
1014 4207 1053 4260 rel
1066 4209 1092 4260 in
1104 4209 1178 4262 dete-
