2976 4944
272 313 313 376 50

271 431 424 504 reliquorum
435 430 562 495 filiorum,
575 433 617 504 qui
630 433 656 485 in
672 453 702 485 eo
713 433 759 486 toti
772 434 839 497 sint,
855 447 882 485 ut
890 445 994 486 matrem
1009 433 1185 496 consolentnr;
1208 442 1329 503 nepotes,

273 527 297 566 et
313 515 364 586 ipse
375 527 450 586 pater.
465 515 547 568 XVIl.
557 515 675 586 Denique
688 534 813 580 sororem,
832 515 964 568 mulierem
980 514 1221 587 praestantissimam,
1236 528 1332 580 magno

273 597 325 668 ejus
334 598 422 650 solatio
430 600 483 651 lore
491 611 589 660 monet,
604 613 720 670 oratque,
735 614 762 652 ut
773 600 892 654 seloetum
907 613 980 670 atquc
996 600 1102 652 alacrem
1111 597 1209 669 cogitet.

307 678 392 746 Quum
409 678 519 741 Seneca,
533 679 674 734 Messalinae
690 680 787 732 invidia
797 679 992 732 interadulteros
1003 680 1093 744 tutio,
1107 676 1251 730 Germanici
1260 671 1336 735 fitia,

273 762 342 816 baud
351 763 426 815 dubie
434 763 581 830 falsissime,
592 779 735 830 accusatus,
746 767 775 818 in
782 765 912 818 Corsicam
920 765 1041 838 relegatus
1047 766 1188 828 esset(ann.
1198 763 1229 813 U.
1239 760 1333 828 (1.794.

273 846 325 897 Dio
346 845 413 897 Cass.
428 846 471 898 lib.
483 847 528 897 Lx
538 886 545 911 ,
557 868 577 899 c.
589 849 612 900 8.
626 853 644 914 l,
655 848 876 922 quadragesimum
886 851 939 901 l'ere
952 867 1047 901 aunum
1053 848 1105 919 egit
1114 887 1120 911 ,
1129 847 1181 918 jam
1192 845 1288 896 dudum
1299 840 1334 893 ob

275 925 451 978 claritudinem
469 927 626 994 studiorum,
645 942 673 981 nt
682 930 763 982 Taciti
780 930 861 982 verbis
873 933 883 998 (
898 928 989 982 Annal.
998 928 1040 980 lib.
1052 928 1118 988 xil,
1141 946 1193 998 cap.
1204 925 1227 977 8.
1240 927 1250 990 )
1261 935 1333 983 nure

275 1011 432 1084 conspicuus.
442 1012 498 1064 Hoc
510 1013 623 1065 exsilium
635 1033 679 1086 per
686 1026 743 1066 octo
755 1033 834 1066 annos
845 1013 950 1065 tolerare
962 1012 1048 1064 debuit
1058 1013 1225 1076 (memoratur
1236 1007 1288 1078 ejus
1297 1025 1336 1058 re-

276 1096 342 1148 ditus
351 1116 366 1147 a
375 1097 453 1148 Dion.
467 1097 533 1148 Cass.
544 1097 588 1150 lib.
596 1099 654 1162 LX,
664 1117 717 1171 esp.
727 1098 757 1149 δα
767 1137 775 1162 ,
787 1097 818 1150 ad
827 1117 885 1150 ann.
898 1099 957 1160 8013
968 1100 999 1150 et'.
1011 1097 1091 1148 Tacit.
1099 1097 1147 1147 loc.
1157 1097 1246 1158 mem.)
1259 1091 1338 1162 Cujus

275 1181 370 1231 nunu·
380 1179 485 1232 eximius
493 1193 529 1232 est
539 1181 678 1232 consolatio
686 1181 719 1233 ad
733 1181 850 1233 Helviam
860 1182 898 1247 (in
908 1179 967 1232 Mes.
977 1177 1222 1242 Hebiam,Helbiam
1230 1174 1340 1248 appella·

279 1263 341 1327 tam)
349 1272 465 1325 matrem,
472 1262 513 1314 vel
522 1281 551 1314 so
561 1263 666 1315 nomiae
679 1262 766 1334 magui
773 1261 900 1325 facienda,
912 1263 981 1333 qnod
988 1274 1011 1312 et
1016 1261 1091 1313 unica
1101 1273 1169 1312 estex
1176 1260 1207 1311 iis
1216 1263 1292 1328 ,qna
1300 1274 1340 1306 us·

275 1361 327 1411 que
334 1342 430 1394 adeum
437 1343 599 1411 scriptosunt
608 1381 615 1409 ,
623 1343 852 1408 consolationibus,
865 1356 889 1395 et
895 1343 964 1413 qnod
971 1341 1130 1395 dulcedinem
1140 1341 1338 1410 aliquarusecutn

276 1427 329 1478 lert
339 1426 370 1478 ab
383 1428 466 1480 exsule
478 1429 618 1480 insuerent
629 1429 747 1482 solatium
757 1429 905 1500 conscripta.
915 1429 1022 1482 Nullum
1032 1429 1101 1480 enirn
1111 1447 1140 1479 ex
1150 1425 1220 1478 libris
1231 1424 1262 1476 de
1270 1422 1342 1474 luctu

276 1511 481 1589 minuendoaute
489 1512 612 1565 Senecam
620 1514 708 1566 litteris
719 1513 842 1565 mandatis
854 1513 886 1565 ad
895 1525 977 1565 nostra
989 1525 1099 1586 tempora
1105 1509 1244 1586 pervenisse
1252 1520 1341 1559 notnm

277 1607 319 1648 est
336 1597 366 1646 ln
378 1595 483 1668 quibus,
495 1598 543 1649 nisi
555 1599 667 1670 primm,
684 1598 860 1652 celeberrimus
877 1610 962 1649 tamen
981 1597 1027 1649 luit
1039 1595 1166 1649 Crantoris
1176 1594 1266 1646 veteris
1282 1597 1343 1645 Aca·

255 1752 259 1760 „
277 1680 369 1734 demisi
380 1687 389 1747 (
406 1681 463 1736 cire
476 1681 713 1758 Olymp.=·CXVl:)
730 1683 852 1746 libellus,
863 1697 915 1734 uon
927 1699 1034 1754 magnus
1044 1681 1088 1733 ille
1102 1679 1217 1751 quidem,
1235 1677 1278 1730 sed
1296 1695 1343 1728 au·

277 1763 360 1815 reolus
372 1803 379 1827 ,
398 1777 437 1828 et,
450 1776 478 1815 ut
488 1763 619 1816 Tuberoni
631 1765 757 1818 Panaetius
770 1765 902 1838 precepit,
920 1766 952 1817 ad
963 1765 1069 1817 verbum
1080 1752 1244 1824 ediscendus,
1262 1771 1290 1812 nt
1299 1759 1340 1812 Ci-

279 1863 363 1897 eeron.
373 1845 454 1898 verbis
469 1845 547 1898 Acad.
560 1845 610 1913 Qu.
623 1845 666 1898 lib.
680 1849 729 1912 lv,
745 1867 767 1898 e.
781 1847 813 1914 *il
823 1862 887 1899 utar.
900 1849 1012 1900 Vocatur
1027 1865 1066 1919 ap.
1082 1846 1135 1898 Cic.
1151 1845 1237 1896 Tusce.
1251 1841 1341 1914 Dispp.

279 1928 323 1982 lib.
337 1931 361 1992 l,
371 1949 425 2000 cap.
434 1927 637 1994 lB‘Consolatio:
645 1929 820 1982 consolabatur
828 1944 911 1982 autem
922 1929 970 1982 hoe
982 1928 1161 1982 conmentario
1174 1925 1340 1999 Hippoclem,

175 2063 179 2074 ,
279 2014 324 2085 qui
336 2011 449 2082 liliorum
460 2027 569 2066 mortem
578 2014 686 2087 lugebat.
694 2013 728 2066 Et
738 2015 848 2087 Diogen.
864 2019 943 2067 laert.
954 2014 997 2066 lib.
1006 2015 1041 2065 lV
1052 2051 1059 2077 ,
1071 2033 1122 2086 cap.
1133 2033 1162 2080 ²7
1176 2013 1339 2078 ιθανμάζωι

280 2101 306 2152 dl
325 2101 399 2151 abrah
415 2100 620 2166 pdlrmlirsslles
632 2101 660 2150 ab
670 2104 723 2168 esp!
743 2103 859 2162 ditm:
873 2101 917 2152 ubi
934 2099 986 2152 vid.
998 2101 1099 2171 Meneg.
1116 2100 1182 2150 Eum
1193 2109 1290 2149 secutru
1305 2107 1343 2145 est

280 2181 318 2234 Μ.
330 2181 360 2232 Τ.
372 2180 462 2232 Cicero
473 2179 501 2232 in
508 2180 680 2233 consolatione
688 2179 749 2234 fitia
757 2222 764 2244 ‚
773 2193 834 2233 teste
842 2181 928 2233 Plinio
940 2182 999 2234 Nat.
1006 2181 1071 2232 tlisc
1078 2180 1146 2253 puel·
1155 2199 1180 2252 p.
1188 2179 1211 2231 8.
1220 2177 1250 2229 T.
1256 2177 1278 2242 Ι,
1286 2175 1342 2248 llip.

283 2268 368 2336 Quam
378 2267 406 2317 in
416 2266 545 2318 Ciceronis
555 2267 671 2338 operibus
681 2267 788 2340 legimus
802 2267 1001 2320 consolationem
1011 2306 1017 2332 ‚
1027 2285 1077 2319 esse
1087 2266 1167 2318 aCar.
1176 2262 1283 2336 Sigonio
1291 2280 1348 2334 per-

282 2352 414 2423 scriptam,
435 2349 500 2402 inter
510 2370 599 2402 umnec
615 2364 721 2405 constat.
743 2352 901 2404 Metrodorus
919 2353 1056 2425 Epicureus
1069 2369 1168 2421 quoqne
1185 2345 1347 2401 Atheniensis

287 2439 296 2504 (
309 2438 495 2509 Lampsacenus
504 2433 565 2488 alias
575 2435 655 2488 dictus
667 2438 676 2500 )
686 2435 829 2508 composuit
838 2435 1043 2487 Consolationenr
1053 2473 1060 2500 ,
1074 2453 1122 2505 qua
1132 2431 1223 2484 sororis
1236 2421 1349 2492 luctum,

285 2520 376 2572 amisso
388 2519 489 2591 optimae
499 2518 593 2570 indolis
600 2517 664 2582 filio,
672 2519 904 2589 mitigarestnduit3
918 2518 1036 2593 aseneca
1047 2519 1124 2593 Epist.
1140 2519 1186 2591 98,
1201 2527 1269 2589 perte
1281 2511 1349 2566 med·

287 2604 422 2656 laudatam.
437 2603 540 2655 Clarum
548 2601 597 2654 fnit
605 2602 709 2672 quidem
721 2619 814 2653 nemen
821 2603 850 2654 in
860 2601 1015 2673 antiquitate,
1026 2603 1069 2654 sed
1080 2602 1158 2654 libros
1170 2601 1222 2670 ejus
1232 2617 1285 2650 non
1296 2599 1351 2649 iere

287 2698 376 2760 preter
386 2703 460 2748 suos,
471 2683 494 2734 si
506 2682 623 2734 Ciceroni
639 2685 649 2748 (
662 2683 751 2734 Tusce.
768 2685 858 2758 Dispp.
868 2684 912 2737 lib.
926 2687 963 2747 ll,
976 2706 1021 2758 cap
1040 2685 1079 2752 3.)
1096 2683 1159 2736 lides
1170 2681 1286 2735 habenda
1302 2679 1346 2738 sit.

285 2769 418 2840 quisquam
427 2768 455 2820 in
465 2786 554 2818 manus
562 2767 659 2817 sumsit
670 2767 807 2820 Enimvero
819 2787 898 2838 quum
905 2770 1007 2843 Epicuri
1012 2769 1109 2822 asseclis
1116 2763 1349 2826 llomaabundaret,

287 2873 339 2906 non
352 2852 520 2906 dubitandum
533 2866 586 2919 est,
600 2852 664 2922 quin
673 2866 696 2904 et
708 2854 752 2906 iste
766 2853 863 2908 libellus
874 2856 958 2908 multis
970 2857 1048 2910 lectus
1061 2856 1144 2908 luerit.
1158 2853 1258 2904 Omitto
1266 2851 1353 2902 'l'beo-

287 2941 416 3015 phrattum
428 2978 435 3005 ‚
446 2939 515 3010 cnjus
527 2937 692 2991 Callisthenes
704 2979 710 3002 ,
722 2959 765 2992 seu
776 2940 807 2992 de
817 2941 901 3002 luctu,
914 2961 965 3010 quo
976 2941 1135 2994 Callisthenis
1144 2939 1220 2992 amici
1231 2936 1269 2988 sui
1282 2953 1351 2986 mor·

288 3036 339 3076 tem
353 3023 385 3075 ab
396 3021 539 3074 Aleaandro
551 3021 589 3072 Μ.
599 3021 622 3072 ei
634 3021 754 3074 inflictam
767 3023 853 3094 luget,
876 3021 961 3093 magni
979 3024 1058 3074 faetus
1070 3033 1116 3082 est,
1136 3021 1146 3086 (
1158 3021 1210 3072 Cic.
1221 3019 1295 3070 Tusc.
1304 3016 1350 3068 lib.

289 3105 337 3171 lll,
350 3124 403 3176 cap.
417 3123 459 3166 ¹⁰3
477 3102 520 3154 lib.
531 3102 629 3174 V,.cap.
644 3122 670 3173 9,
683 3101 747 3169 fin.)
761 3102 890 3156 Ciceronis
900 3103 1017 3154 libellum
1028 3101 1061 3154 ad
1074 3102 1172 3154 Cottam
1184 3099 1214 3152 de
1223 3089 1292 3150 lueto
1302 3097 1352 3148 mi-

290 3191 393 3244 nuendo
412 3191 422 3254 (
435 3207 495 3241 ann.
506 3187 537 3240 U.
550 3189 581 3240 C.
591 3187 648 3239 638.
660 3188 669 3254 )
680 3187 858 3260 perscriptum,
878 3201 902 3240 et
911 3187 980 3240 alios.
990 3189 1021 3240 ln
1032 3188 1080 3254 iis,
1099 3187 1144 3257 qui
1152 3197 1207 3258 post
1222 3185 1346 3236 Senecam

295 3271 487 3325 Consolatioues
501 3271 634 3344 scripsere,
649 3270 777 3324 Plutarchi
788 3271 886 3342 juvenis
899 3271 1038 3324 consolatio
1045 3271 1077 3323 ad
1087 3268 1249 3342 Apollonium
1259 3266 1353 3332 (Toni.

290 3355 351 3408 Vll.
364 3355 472 3407 llutteh.
481 3373 506 3427 p.
515 3353 652 3418 titt-³70.
665 3355 685 3420 l,
697 3353 724 3405 in
731 3371 779 3424 qna
788 3353 917 3406 Crantoris
922 3353 1021 3406 libellus
1028 3371 1145 3426 magnam
1157 3362 1249 3423 partem
1258 3367 1352 3420 expres·

291 3460 333 3493 sus
347 3439 456 3492 ereditur
467 3451 513 3503 ,et
520 3437 605 3492 Anicii
618 3439 709 3494 Manlii
722 3438 843 3508 Torquati
853 3438 969 3490 Severini
980 3438 1081 3490 Boethii
1091 3436 1228 3489 consolatio
1244 3434 1353 3508 philoso-

294 3525 367 3597 phica
376 3525 403 3576 in
415 3543 512 3576 carcere
523 3523 660 3596 composita
671 3523 827 3594 potissimum
836 3523 1100 3574 nominarimerentur.
1107 3519 1355 3592 Caeterumprobatur

294 3608 360 3661 mihi
367 3606 571 3681 Lipsiijudicium
581 3605 612 3656 de
620 3607 669 3659 boc
677 3605 778 3658 libello:
788 3605 933 3674 «Scriptum
941 3606 1021 3679 ipsum
1028 3606 1107 3658 animi
1114 3602 1295 3674 eteloqnentire
1303 3601 1355 3674 ple-

295 3713 357 3744 num
369 3732 375 3752 .
388 3693 502 3744 numeris
513 3687 537 3744 et
546 3703 667 3744 structura
679 3691 863 3762 compositum,
881 3703 954 3760 atque
969 3691 1044 3742 etiarn
1062 3689 1149 3742 ordine
1166 3699 1253 3762 praeter
1267 3697 1355 3740 cetera

297 3777 452 3850 dispositum.
468 3776 554 3828 husim
566 3776 663 3837 dicere,
678 3775 863 3845 palmuminter
870 3774 968 3826 libellos
980 3774 1059 3846 poscit
1068 3795 1090 3822 n.

327 3869 518 3940 Epigrammata
525 3885 599 3937 super
609 3867 637 3916 L.
651 3867 679 3916 A.
689 3865 790 3916 Senecte
801 3863 888 3916 exsilio
897 3878 952 3934 quae
963 3863 1107 3916 Gronovius
1115 3875 1169 3936 post
1180 3873 1355 3943 argumentum

296 3951 338 4002 hie
351 3951 510 4021 prescripsit,
526 3969 570 4001 nos
584 3949 614 4000 ad
626 3951 704 4000 linctu
717 3948 797 4020 operis
807 3951 949 4026 celeremus.
