2954 4926
327 484 422 552 LIB.
451 481 527 569 vl3
554 483 663 550 CAP.
692 481 860 550 XXXV.
1056 481 1123 574 629

58 630 92 683 et
112 616 149 682 in
164 637 281 683 sensus
297 616 542 685 recondendus.
560 619 631 684 Hoc
642 615 728 684 doce
741 621 765 696 ¹,
784 629 899 708 gratus
913 635 961 680 es.
978 612 1068 680 Male
1081 610 1124 678 de

58 749 91 798 te
111 733 304 815 existimas,
326 733 354 800 si
373 719 503 802 inutilis
523 757 580 816 es,
598 735 664 800 nisi
683 709 830 818 affliet03¹
854 731 881 798 si
904 728 1005 796 rebus
1025 727 1125 816 bonis

58 841 613 940 supervacuus.'Quemadmodum
636 863 670 916 te
691 849 780 915 etin
803 846 935 926 dubiis,
953 860 988 910 et
1008 844 1043 912 in
1065 845 1126 912 ad·

58 963 190 1044 versis,
216 976 252 1029 ct
273 963 310 1038 in
330 963 415 1031 laetis
439 964 610 1056 sapienter
631 965 798 1056 geris‚·nt
817 960 921 1029 dubia
939 958 1126 1054 prudenter

58 1091 208 1157 tractes,
228 1073 369 1145 adversa
388 1071 534 1161 fortiter,
563 1077 638 1145 laeta
662 1076 834 1144 moderate
858 1104 865 1143 :
893 1077 940 1142 ita
958 1076 994 1142 in
1014 1075 1125 1142 omnia

59 1191 179 1259 utilem
199 1206 231 1258 te
248 1191 354 1258 amico
371 1190 532 1260 exhibere
552 1207 660 1285 potes.
682 1192 832 1261 Adversa
850 1192 923 1285 ejus
940 1193 968 1258 ei
989 1214 1052 1258 nec
1065 1189 1128 1258 de·
1153 1210 1170 1274 4

60 1307 244 1389 serueris²‚
259 1329 324 1374 nec
338 1303 538 1400 optaveris³,
557 1309 660 1376 multa
675 1309 917 1392 nihilominus,
933 1323 1052 1376 utnon
1068 1331 1129 1399 op-

60 1438 131 1504 tes,
149 1421 186 1488 iu
198 1435 290 1488 tanta
305 1421 485 1507 varietate,
496 1445 571 1514 quae
583 1422 644 1489 tibi
655 1424 829 1491 materiam
840 1421 1036 1492 exercendae
1047 1421 1128 1489 fidei

59 1537 259 1630 prebeant,
283 1537 446 1605 incident.
471 1537 763 1630 Quemadmodum
786 1540 845 1631 qui
873 1554 966 1632 optat
994 1539 1130 1607 divitias

59 1654 165 1722 alicui
183 1655 220 1720 in
234 1653 322 1738 boc,
336 1669 376 1721 ut
389 1653 524 1722 iifarum
540 1663 671 1748 partem
685 1656 758 1749 ipae
774 1655 860 1725 ferat
869 1673 884 1742 ,'
900 1657 1053 1749 quamvis
1066 1678 1129 1750 pro

59 1768 118 1836 itto
136 1768 296 1836 'videatur
309 1786 447 1862 optare,
461 1755 537 1836 sibi
554 1771 721 1862 prospicit
740 1795 747 1835 :
768 1771 817 1837 sic
834 1771 894 1862 qui
912 1753 1005 1862 optat
1022 1771 1129 1837 amico
1162 1786 1163 1790 ’

59 1883 209 1975 aliquam
231 1885 487 1980 necessitatem,
511 1908 613 1974 quam
632 1883 800 1977 adjutorio
823 1907 883 1952 suo
903 1884 1039 1976 fideque
1057 1882 1128 1951 dis-

60 2001 188 2084 cutiat,
208 1999 300 2090 quod
316 2017 367 2068 est
385 2001 532 2094 ingrati,
552 2025 588 2068 se
599 2000 650 2067 itti
663 1995 833 2093 prefertf,
850 2015 884 2068 et
897 2001 981 2067 tanti
991 2002 1130 2068 mstimat
1190 2073 1199 2090 Ι

62 2117 160 2184 illum
179 2119 338 2186 miserum
356 2141 451 2200 esse,
471 2131 508 2186 ut
522 2118 595 2209 ipse
610 2133 725 2210 gratus
737 2117 798 2199 ait,
815 2116 859 2183 ob
873 2118 938 2184 hoc
952 2117 1062 2209 ipsum
1076 2118 1130 2182 in·

63 2248 193 2325 gratus.
213 2215 403 2301 Exonerare
418 2233 507 2300 euim
528 2232 668 2317 seruit,
686 2247 721 2300 et
732 2248 770 2299 ut
785 2235 879 2325 gravi
894 2233 1026 2300 sarcina
1040 2233 1128 2300 fibe-
1153 2241 1173 2294 5

62 2375 152 2420 rare.
177 2351 321 2418 Multum
347 2352 508 2433 interest,
532 2364 644 2417 utrum
660 2350 968 2443 properes'referre
986 2352 1128 2442 gratiam

61 2484 97 2534 ut
116 2464 241 2534 reddas
258 2467 484 2551 beneficium,
502 2465 605 2534 enne
623 2461 758 2532 debeas.
776 2465 847 2555 Qui
865 2465 1008 2544 reddere
1026 2445 1123 2548 ¹uult,

62 2584 155 2652 iliius
171 2608 207 2650 se
223 2582 397 2652 commodo
410 2581 559 2674 aptabit,
578 2596 612 2648 et
628 2581 786 2649 idoneum
801 2581 851 2659 itti
865 2583 982 2648 venire
995 2597 1127 2674 ternpus

61 2701 179 2768 volet:
200 2701 259 2792 qui
277 2697 364 2766 nihil
383 2697 477 2764 aliud
494 2722 594 2790 quam
615 2699 688 2792 ipse
710 2698 848 2770 liberari
867 2699 958 2780 vult,
980 2723 1125 2790 quomo-

60 2793 257 2908 documque.
267 2816 311 2885 ad
324 2817 389 2883 hoc
399 2817 513 2908 cupiet
527 2817 707 2910 pervenire
722 2843 729 2882 t
743 2816 834 2912 quod
846 2831 897 2884 est
911 2817 1061 2910 pessimae
1075 2843 1127 2885 ro

62 2935 214 3002 luntatis.

109 3051 369 3141 xxxulua,
385 3051 540 3140 inquam,
561 3049 665 3116 nimia
681 3049 848 3117 festinatio
861 3051 987 3142 ingrati
1002 3062 1073 3135 est3
1091 3048 1127 3116 id

62 3165 212 3259 apertius
226 3166 414 3258 exprimere
424 3189 492 3232 non
507 3187 661 3257 possum,
678 3166 819 3255 quamsi
834 3163 1128 3257 repetiverowquod

62 3282 145 3348 dixi.
158 3285 232 3357 Non
246 3282 299 3348 vis
313 3274 458 3348 reddere
470 3296 645 3374 acceptum
654 3279 875 3365 beneficium,
886 3279 947 3348 sed
960 3282 1123 3374 effugere.

62 3399 139 3464 Hoc
164 3395 278 3465 dicere
304 3395 451 3477 videris,
480 3395 628 3489 Quando
647 3397 711 3464 isto
739 3393 888 3464 carebo?
907 3385 1127 3487 ¹quocumque

62 3513 162 3582 tnodo
176 3513 259 3581 mihi
274 3511 494 3580 laborandum
513 3529 581 3592 est,
602 3537 645 3580 ne
659 3513 712 3579 isti
736 3511 905 3604 obligatus
922 3513 997 3579 sim.
1014 3513 1048 3579 Si
1064 3536 1126 3605 op-

90 3723 118 3756 ·t.
134 3703 191 3756 Hoc
202 3705 269 3756 doce.
283 3702 310 3754 Si
325 3703 373 3754 hoe
386 3701 484 3754 felicem
498 3703 528 3754 de
546 3715 569 3753 te
653 3703 676 3754 3.
690 3705 742 3756 Nec
752 3706 879 3772 optaveris
893 3712 921 3754 ut
940 3701 963 3754 ei
982 3715 1041 3753 tunc
1054 3722 1127 3774 opem

64 3782 127 3833 bene
151 3780 267 3832 meritum
290 3780 417 3846 docueris,
439 3779 489 3851 jam
508 3800 571 3853 gre-
620 3783 683 3834 ferre
697 3781 774 3854 possis
788 3799 795 3833 t
809 3801 860 3853 quo
878 3780 908 3836 de
930 3793 989 3832 voto
1006 3780 1033 3831 in
1052 3791 1129 3836 ante-

64 3871 101 3910 tus
114 3877 148 3910 es.
620 3859 710 3929 gressis
720 3871 812 3930 egeret.

97 3957 120 3988 a.
130 3937 250 3989 Adversa
259 3940 313 4004 ejus
323 3939 489 3988 ..deserueris
501 3936 536 3988 H,
549 3956 571 3988 e.
654 3935 678 4000 4.
694 3935 807 4006 Proser!
822 3937 880 4007 quia
893 3937 948 3988 vult
960 3949 988 3988 ut
1003 3936 1058 4009 opis
1077 3953 1129 3989 sue

64 4011 138 4063 ilium
152 4012 179 4064 in
196 4013 269 4066 rebus
283 4013 392 4066 adversis
411 4012 529 4076 deseras,
545 4023 573 4064 ut
622 4025 710 4086 egeat,
724 4012 755 4065 ab
768 4034 798 4064 eo
812 4013 926 4088 pendeat.

65 4091 108 4162 qui
122 4091 289 4164 «Diffugiunt
301 4093 368 4144 cadis
381 4091 444 4142 Corn
458 4093 517 4144 fuere
528 4089 573 4144 sic·
655 4087 762 4145 XXXV.
771 4097 839 4144 Atto.
847 4091 946 4164 Repetit
955 4109 1011 4160 quse
1020 4089 1130 4142 dixerut:

65 4167 126 4218 ratis
140 4169 214 4221 amici
229 4170 303 4223 Ferre
315 4170 403 4242 iugum
420 4171 508 4244 pariter
526 4169 574 4223 du·
625 4169 859 4240 nonpfestinenduru
873 4187 924 4222 esse
939 4170 966 4221 in
980 4169 1058 4244 gratia
1070 4171 1133 4222 refe-

66 4243 122 4298 tesi.
138 4266 152 4294 o
625 4245 715 4308 rende,
730 4265 782 4298 non
793 4244 901 4322 optanda
912 4247 978 4300 ‘maie
991 4247 1077 4316 emisi¹
1087 4258 1133 4302 etc.
