2976 4950
404 431 935 521 trs.111,cs1>.xxtx.
1143 436 1208 523 tt⁵

15 593 19 600 ·
136 585 261 649 vocas,
277 561 431 632 libidinis
444 579 479 632 et
493 565 581 658 gulae
598 584 735 643 servus,
751 576 786 629 ct
797 560 982 646 odultcrae,
1002 562 1103 630 immo
1114 563 1213 634 ndul-

138 695 291 748 tcrarum
302 702 482 748 commune
498 680 705 771 mancipium
716 679 881 746 lServum
891 699 991 745 vocas
1007 699 1211 771 quemquam

137 813 176 866 tu
188 797 204 865 Ρ
217 795 296 888 Quo
313 795 450 864 tandem
465 795 510 864 ab
527 797 600 864 istis
619 793 746 888 gerulis
759 798 767 828 ¹
782 795 933 888 ruperis,
959 793 1098 862 cubile'
1121 795 1212 866 istud
1230 801 1248 867 l

140 928 239 981 tuum
264 910 611 980 circumferentibus?
630 934 697 1002 quo
719 926 753 978 te
769 909 921 1003 penulati
940 909 996 976 isti
1015 910 1050 977 in
1067 911 1212 982 militum

140 1027 327 1120 etquidem
340 1051 409 1096 non
422 1027 598 1122 vulgarem
612 1027 741 1095 cultum
755 1025 928 1119 subornati
941 1025 1044 1118 lquo,
1057 1028 1210 1120 inquom,

141 1161 177 1214 te
194 1144 251 1212 isti
265 1143 438 1212 efferunt?
451 1142 496 1211 sd
508 1144 630 1211 ostium
641 1141 786 1234 alicujus
800 1141 948 1223 ostiarii,
965 1139 1010 1208 ad
1023 1142 1139 1214 hortos
1151 1144 1215 1213 uli-

140 1261 294 1352 cujusne
303 1259 514 1328 orfflnarium
525 1257 665 1350 quidem
676 1257 834 1325 habentis
843 1247 1023 1325 officium³.
1033 1261 1075 1326 Et
1088 1256 1215 1327 deinde

142 1398 250 1469 negas
269 1375 332 1444 tibi
350 1374 557 1444 beneficium
575 1400 597 1443 a
613 1396 711 1442 servo
729 1388 786 1441 tuo
803 1395 901 1466 posse
920 1369 1019 1455 dari,
1040 1375 1096 1442 cui
1114 1397 1215 1444 oscu-

142 1492 215 1563 lum
227 1493 330 1561 alieni
348 1495 436 1562 servi
451 1491 658 1560 beneficium
674 1506 737 1558 est.
755 1489 842 1582 Quae
857 1505 909 1558 est
920 1505 1013 1558 tanta
1025 1491 1131 1558 animi
1145 1489 1215 1560 dis-
1240 1505 1255 1555 5
1327 1533 1330 1540 ·

142 1609 262 1678 cordia
274 1610 291 1676 P
305 1607 422 1678 eodem
440 1624 592 1701 tempore
608 1630 723 1676 servos
743 1605 913 1700 despicis,
936 1623 970 1675 et
989 1607 1084 1680 colis.
1106 1610 1215 1703 Impe-

144 1727 255 1795 riosus
273 1727 363 1794 intra
376 1725 479 1793 limen
496 1740 600 1817 utque
613 1726 803 1817 impotens,
821 1723 961 1792 humilis
976 1724 1058 1800 foris
1076 1751 1083 1791 :
1101 1741 1135 1792 et
1149 1741 1216 1794 tom

142 1858 377 1936 contemptus,
403 1865 503 1933 quam
524 1856 755 1909 contemnens.
776 1841 896 1931 Neque
921 1840 1012 1907 enim
1031 1840 1092 1907 ulli
1110 1843 1217 1935 magis

144 1959 314 2052 abjiciunt
330 1961 480 2042 animos,
509 1983 610 2051 quam
631 1958 690 2049 qui
710 1955 865 2050 improbe
889 1956 1011 2024 tollunt
1034 1983 1042 2022 :
1062 1959 1217 2052 nullique

140 2077 191 2148 od
215 2077 393 2147 calcandos
418 2076 502 2144 alios
535 2077 742 2168 paratiores,
779 2097 879 2166 quam
906 2075 966 2166 qui
994 2077 1218 2146 contumelias

145 2194 281 2275 tacere,
303 2191 502 2285 accipiendo
521 2189 727 2261 didicerunt.

196 2308 326 2378 XXIX.
343 2303 496 2375 Dicenda
508 2305 583 2374 haec
598 2304 749 2385 luerunt,
763 2300 808 2370 sd
824 2301 1102 2372 contundendam
1125 2306 1218 2373 inso-

186 2501 356 2554 1.Gemtis.1.
363 2500 660 2574 lecticariis,agcrcndo.
712 2493 785 2569 slphs
798 2493 988 2568 penulatorum,
1005 2493 1090 2564 Quem
1104 2517 1164 2570 grex
1174 2511 1220 2552 to-

185 2601 208 2633 s.
218 2578 315 2632 Cubile.
326 2579 345 2630 l.
358 2578 472 2632 lecticam
483 2615 490 2645 ,
500 2579 528 2630 in
537 2597 587 2648 qus
597 2577 661 2646 itcc·
711 2587 784 2648 gatus
793 2573 907 2645 sequitur
917 2585 941 2626 et
950 2573 1095 2648 capillatus,
1105 2577 1221 2630 Recens-

145 2657 212 2710 bant
222 2668 246 2708 et
254 2654 386 2710 cubabant·
396 2656 470 2709 Servi
476 2669 561 2710 sutem
570 2653 660 2708 robus-
711 2673 776 2724 que,
790 2666 836 2706 ete.
845 2675 859 2700 »

148 2734 238 2788 tissimi
260 2735 330 2787 lucre
346 2733 389 2786 isti
403 2737 531 2804 penulati.
550 2729 660 2786 Paenulae
742 2733 766 2785 3.
778 2732 827 2784 Ad
840 2733 936 2783 ostium
937 2766 997 2784 .......
1008 2730 1132 2800 officim.
1148 2734 1170 2786 I.
1188 2734 1221 2788 sd

148 2826 222 2868 ersnt
232 2824 344 2883 sapores.
359 2813 401 2867 Sic
416 2812 525 2881 explicat
535 2811 663 2877 Battiger
709 2809 810 2862 domini
819 2809 927 2884 potentis
936 2821 979 2863 sut
988 2809 1108 2884 placentis
1116 2812 1221 2866 domum

147 2895 178 2946 in
184 2890 279 2944 sabin·
291 2910 315 2962 p.
325 2891 383 2957 llll,
392 2891 437 2961 qui
446 2888 660 2944 canusinstosi.e.
709 2886 861 2958 hortosque,
881 2887 926 2940 ulti
939 2887 983 2940 rili
995 2907 1083 2953 servo,
1094 2893 1220 2958 ostiario,

147 2969 233 3023 rubris
248 2968 357 3021 vestibus
379 2967 508 3038 ejusmodi
528 2979 630 3018 ornatos
646 2987 661 3018 e
710 2977 753 3016 sut
763 2963 858 3017 ricsrio
875 2967 941 3018 servi
954 2965 1056 3017 alterius
1069 2965 1179 3021 sdulsris
1190 2971 1222 3022 sd

147 3045 460 3112 Martial.1x,23.xltl,
472 3041 659 3117 rspintelligit,
711 3041 816 3096 mollem
829 3042 1005 3116 recipiendum
1018 3042 1124 3097 aditum.
1136 3047 1222 3101 Ordi-

147 3123 258 3178 lsudstis
269 3123 354 3195 Lipsio
367 3122 475 3176 Elector.
489 3138 517 3186 r,
534 3123 564 3173 25
577 3133 600 3172 et
612 3119 663 3172 Pi·
712 3121 797 3174 narius
808 3141 895 3174 servus
912 3135 985 3186 erat,
1006 3122 1050 3194 qui
1066 3137 1161 3178 certum
1171 3127 1222 3179 sli-

149 3201 244 3276 gnorio
254 3200 286 3254 de
296 3199 374 3254 serris
384 3222 408 3274 p.
427 3199 479 3252 135.
491 3197 552 3269 Egit
562 3215 663 3268 quoque
711 3199 780 3268 quod
793 3199 963 3252 ministerium
976 3199 1002 3250 iu
1013 3199 1111 3253 familia
1120 3221 1224 3258 exerce·

150 3283 184 3336 de
200 3281 309 3354 penulis
322 3277 491 3340 militaribus,
510 3295 571 3345 quss
587 3294 663 3348 super
711 3271 754 3328 bst
766 3292 773 3326 ι
785 3273 813 3328 ht
824 3275 952 3328 interdum
964 3273 1071 3328 vicarios
1082 3295 1167 3332 servos
1178 3279 1223 3333 lrs·

151 3363 264 3412 tunicam
276 3358 376 3412 indutas
388 3369 413 3412 et
425 3357 478 3428 ipse
491 3367 559 3428 putst
572 3366 595 3406 et
605 3354 662 3407 rulo
711 3353 811 3408 beltsnt.
824 3355 865 3406 Cl.
877 3357 924 3427 Ep·
936 3369 983 3417 cx,
1000 3375 1021 3408 r.

148 3437 238 3490 colore
249 3457 257 3500 ς
272 3436 379 3488 Salmas.
395 3435 429 3488 cd
439 3435 537 3507 Scriptt
548 3433 582 3486 ll.
595 3435 663 3505 Aug.
746 3433 841 3486 XXIX.
851 3436 921 3484 Ano.
931 3437 954 3487 A
966 3434 1073 3488 domino
1086 3447 1110 3489 et
1122 3439 1182 3492 bero
1191 3441 1225 3492 sd

152 3515 181 3581 l,
195 3535 218 3566 s.
230 3517 284 3583 774.
297 3517 346 3586 9²5
360 3533 397 3585 sq.
409 3513 535 3566 Ceterum
548 3509 592 3562 lsss
608 3522 663 3562 ter·
712 3522 826 3582 pstrsset
836 3508 903 3562 lilios
913 3511 1044 3579 transitur
1053 3516 1225 3582 copiosissime

149 3590 336 3645 minationesin
344 3602 406 3644 otus
418 3593 561 3659 trequentes
576 3606 663 3640 occur·
712 3589 835 3644 disserens
847 3593 925 3658 (nam
935 3611 1014 3661 usque
1026 3594 1059 3647 sd
1071 3593 1130 3648 libri
1147 3593 1226 3650 linem

150 3689 209 3724 rere
227 3668 411 3722 advertendum
429 3679 480 3729 est,
499 3664 542 3718 ubi
556 3664 602 3718 lrsc
622 3664 664 3716 vel
714 3667 855 3722 extenditur
864 3668 944 3722 oratio
957 3682 982 3722 et
996 3670 1081 3723 decem
1094 3692 1164 3748 espp.
1177 3695 1226 3728 oc-

152 3747 271 3801 illareste
280 3747 397 3800 indutum
408 3744 518 3814 aliquem
527 3760 666 3794 commons-
716 3753 817 3820 cupas),
828 3749 918 3818 quscrit
928 3769 961 3802 sn
972 3751 1050 3824 possit
1060 3764 1129 3824 poter
1141 3772 1156 3805 s
1171 3753 1225 3808 tilio

151 3836 228 3878 tram.
252 3823 362 3876 Martial.
384 3821 489 3876 mirifice
505 3819 618 3892 exemplo
632 3829 668 3871 est
714 3823 869 3878 beneficium
880 3827 1006 3898 accipere,
1020 3827 1100 3881 immo
1111 3849 1144 3882 sn
1156 3831 1226 3886 vinci

152 3904 198 3957 lib.
214 3904 254 3970 ll,
265 3903 413 3974 epigramm.
428 3917 500 3962 stu,
511 3918 547 3952 rs.
562 3919 589 3962 ι,
603 3909 663 3952 ctu:
715 3899 844 3955 beneficiis
864 3905 974 3976 postulat
988 3926 995 3968 ;
1016 3905 1087 3976 quod
1108 3906 1227 3963 sllirmst

156 3981 229 4036 «llic
252 3999 328 4051 quem
346 3979 437 4034 vidctis
455 3976 579 4050 gressibus
596 3975 666 4048 ragis
715 3980 767 4036 Sed
779 3981 828 4033 hoc
838 3981 924 4035 serius.
935 3981 1024 4035 lnlroc
1034 4000 1086 4057 esp.
1098 4003 1227 4058 eompsrs·

150 4062 269 4122 lentum,
286 4056 505 4130 Amethystinstus
522 4052 604 4106 medis
620 4053 668 4124 qul
716 4058 1228 4134 tioneminstituitinterinitisreimagnes

151 4150 313 4206 srcstsepts,
333 4135 418 4204 Quem
430 4153 484 4186 nou
498 4133 605 4186 laternis
618 4133 668 4183 Pu·
718 4150 743 4190 et
750 4137 835 4192 esitus.
844 4141 910 4208 Qun
919 4140 991 4193 initis
999 4160 1077 4210 quum
1083 4141 1228 4198 nouissime

151 4219 223 4272 otim
234 4236 305 4272 meus
315 4215 395 4270 vincit
405 4251 413 4280 ,
422 4215 483 4266 Non
493 4212 544 4284 ipsc
560 4210 668 4278 Codrus,
718 4213 771 4267 sint
780 4233 860 4288 saepe,
869 4216 947 4270 exitus
957 4237 1018 4272 vero
1026 4237 1133 4292 magnus
1144 4239 1151 4287 ς
1161 4233 1228 4291 pstet
