2906 4948
287 452 367 544 495.
623 446 693 516 nn
717 444 1029 516 nuunrrcus

286 595 474 662 moveatur,
488 591 524 648 et
542 576 704 671 paulatim
722 577 836 645 vivum
853 599 978 668 eorpus
992 578 1178 644 circumeat
1190 607 1200 664 3
1212 577 1295 648 licet
1309 583 1366 674 ip-

285 723 360 766 sum
374 719 498 790 corpus
511 695 651 789 plenum
663 694 753 764 bona
765 691 971 762 conscientia
984 693 1106 762 etiilet'
1124 721 1132 760 :
1146 695 1301 788 placebit
1316 699 1368 767 itti

244 856 259 888 ι
285 825 376 918 ignis
387 827 414 906 ¹,
431 845 495 916 per
512 844 614 912 quem
627 807 718 888 bona
736 817 822 886 tides
837 818 1031 888 collucebit.
1048 823 1148 889 Nunc
1162 847 1305 918 quoque
1325 825 1370 894 it-

286 941 346 1010 lud
355 953 608 1036 argumentum,
621 937 776 1031 quamvis
791 933 920 1004 dictum
931 936 1003 1028 jam
1013 931 1041 1018 ³,
1054 935 1251 1007 reducatur.
1266 939 1369 1033 Quid

285 1075 337 1126 est
352 1079 459 1150 quare
474 1055 563 1148 grati
577 1053 721 1121 velimus
735 1075 826 1131 esse,
847 1075 952 1143 quum
970 1054 1159 1123 morimur?
1171 1081 1279 1149 quare
1293 1059 1370 1125 siu-

286 1169 442 1264 gulorum
460 1165 712 1261 perpendamus
730 1165 872 1233 officia?
887 1188 994 1258 quare
1015 1164 1051 1234 id
1068 1191 1207 1261 agamus
1226 1171 1264 1238 in
1282 1193 1369 1239 om-

285 1312 364 1356 nem
374 1288 480 1356 vitum
493 1301 645 1354 nostram
656 1284 820 1352 memorio
831 1281 1039 1352 decernente
1048 1279 1078 1370 ⁴,
1091 1309 1135 1354 ne
1148 1288 1246 1379 eujus
1257 1287 1368 1358 officii

285 1403 465 1472 videamur
485 1401 584 1470 obliti
599 1402 614 1469 P
629 1398 725 1468 Nihil
737 1399 810 1491 jam
828 1413 1000 1490 superest,
1021 1403 1089 1492 quo
1106 1425 1184 1494 spes
1203 1405 1368 1498 porriffl-

287 1537 344 1589 tur
360 1547 368 1588 ι
385 1522 422 1588 in
436 1518 496 1587 illo
510 1534 622 1586 tamen
636 1515 777 1586 cardine
789 1507 801 1550 ⁵
815 1515 930 1609 positi,
944 1513 1040 1584 ubire
1055 1539 1074 1584 e
1089 1517 1193 1586 rebus
1205 1520 1369 1589 humanis

244 1649 261 1702 ³
286 1661 388 1729 quam
417 1633 599 1728 gratissimi
624 1629 792 1698 volumus.
822 1631 882 1696 Est
908 1626 1068 1711 videlicet
1090 1655 1214 1732 magun
1229 1635 1267 1701 in
1290 1637 1369 1730 ipso

286 1775 391 1848 opere
406 1773 537 1819 meroes
549 1749 624 1830 rei,
644 1761 679 1814 et
695 1745 740 1813 ad
751 1743 953 1814 alliciendus
969 1761 1098 1816 mentes
1116 1749 1293 1819 hominum
1310 1755 1369 1820 in·
1449 1747 1450 1752 ’

288 1892 372 1964 gens
384 1867 518 1934 honesti
535 1865 687 1959 potentin
705 1889 713 1931 :
732 1861 830 1954 cujus
840 1860 1061 1956 pulchritudo
1073 1866 1205 1936 animos
1218 1869 1370 1936 circum-

288 1979 423 2063 fundit,
442 1995 477 2047 et
497 1978 658 2046 delinitos
676 1973 902 2044 admiratione
924 1975 1062 2044 luminis
1084 2001 1124 2046 so
1144 1977 1290 2073 fulgoris
1311 1984 1367 2049 sui

288 2099 389 2193 rupit.
400 2097 445 2166 ht
457 2095 561 2164 multu
571 2095 655 2162 hinc
668 2088 843 2162 commoda
852 2081 1042 2160 oriuntur⁶.
1053 2096 1095 2161 Et
1105 2096 1225 2162 tutior²
1235 2113 1288 2165 est
1296 2099 1368 2165 rite

289 2214 509 2296 melioribus,
532 2234 696 2303 umorque
715 2226 750 2278 et
767 2206 953 2278 secundum
979 2207 1148 2278 honorum
1164 2213 1365 2303 judicium,

288 2424 375 2483 genus,
385 2403 427 2458 eui
435 2402 528 2476 lignee
539 2401 665 2454 machine
677 2399 714 2454 rei
727 2398 802 2473 pedet
851 2395 997 2461 concurrit,
1014 2409 1089 2469 etque
1110 2400 1201 2454 eodem
1216 2422 1291 2476 pene
1305 2425 1369 2458 mo-

287 2503 427 2554 mauusque
438 2480 549 2536 fidiculis
557 2481 668 2554 alligati,
678 2479 803 2533 membre·
850 2485 937 2526 mento
945 2475 1083 2546 peragitur,
1093 2475 1213 2549 idemque
1220 2481 1324 2534 animus
1332 2503 1371 2534 re-

287 2583 336 2634 que
345 2561 464 2615 mhi„
477 2574 556 2615 mm
565 2580 610 2634 μ,
619 2557 734 2614 cochlea,
743 2571 801 2612 m-
851 2550 995 2603 miniscitnr
1005 2561 1031 2604 et
1046 2553 1077 2606 de
1089 2555 1210 2608 omnihus
1222 2559 1284 2612 vite
1292 2560 1370 2634 perti-

287 2651 373 2712 topere
382 2632 800 2706 extendebantur,utssepeoesiutu
849 2629 895 2682 hus
906 2643 1005 2693 temet,
1019 2644 1044 2683 et
1053 2634 1210 2688 recordando
1224 2652 1370 2712 reputemus

288 2735 412 2790 compago
432 2714 607 2768 resolveretur.
624 2712 664 2765 Cf.
677 2711 801 2786 Stephani
850 2727 879 2759 ac
890 2706 1059 2776 decernimus,
1072 2710 1230 2766 fuerimusne
1240 2735 1330 2768 ennon
1343 2717 1370 2768 in

288 2791 363 2846 Thes.
375 2795 403 2843 l..
416 2794 444 2844 1..
462 2791 487 2843 h.
496 2813 521 2843 v.
850 2781 938 2838 officio
951 2822 959 2848 ,
972 2791 1127 2839 nemetiam
1138 2789 1220 2862 ipram
1232 2794 1371 2846 decentem

324 2890 345 2922 t.
357 2867 431 2924 Licet
441 2873 529 2938 ipsum
539 2885 631 2936 eorpus
640 2869 746 2934 plenum
760 2865 801 2918 bo
849 2873 898 2916 tem
906 2861 977 2914 dixit
989 2861 1033 2915 Sic
1044 2863 1075 2917 de
1083 2864 1179 2919 Brevit.
1188 2867 1243 2919 Vit.
1254 2890 1277 2922 e.
1296 2890 1343 2932 ro,
1355 2871 1371 2922 3

288 2968 324 3000 no
334 2951 488 3002 conscientia
499 2948 588 2998 stillet.
602 2943 740 2996 Reduudat
752 2962 801 2995 vox
849 2959 949 2994 nerem
961 2953 997 2994 est
1010 2944 1162 2998 memoriam
1174 2966 1249 3000 suem
1260 2949 1360 3004 timete

288 3025 378 3080 ultime
385 3064 393 3091 ,
401 3026 486 3097 inquit
494 3023 602 3098 Lipsius.
612 3022 684 3075 Certe
694 3020 801 3074 mendo-
885 3019 909 3070 5.
923 3017 960 3070 In
972 3021 1019 3071 tuo
1028 3023 1142 3078 cordine.
1157 3026 1196 3097 lu¹
1204 3040 1322 3082 extremo
1332 3029 1371 3082 li-

288 3123 315 3158 ts
329 3117 372 3158 eet.
385 3105 563 3164 Utrum,*1ieet
574 3103 662 3169 ipsum
673 3119 718 3154 cor
731 3099 800 3152 bom
849 3095 918 3148 mite.
929 3094 1050 3150 hliudere
1059 3100 1129 3152 euim
1139 3101 1282 3158 videtured
1292 3127 1370 3178 egro-

288 3184 441 3236 conscientie
453 3179 554 3234 stillet?
569 3197 601 3230 au
612 3179 725 3246 pectus?
737 3176 802 3230 Gro·
850 3191 907 3226 rum
916 3173 1034 3227 cardines
1046 3176 1099 3229 rive
1110 3178 1213 3246 limites,
1227 3186 1370 3255 presertim

289 3279 348 3312 nor.
362 3259 488 3331 Repetitio
504 3277 551 3310 nee
567 3255 631 3309 mihi
648 3255 741 3326 pleeet,
755 3276 801 3310 oe-
850 3251 911 3322 quia
921 3272 972 3305 vox
983 3253 1057 3305 abire
1067 3258 1188 3328 sequitur.
1202 3259 1248 3314 Sir
1269 3263 1370 3317 Lucan.

289 3339 366 3392 currit
377 3351 472 3392 tomen.
483 3364 517 3377 -
529 3336 631 3403 Stttter,
642 3337 772 3406 liquescet.
848 3329 908 3391 Vll.
923 3329 980 3383 381.
996 3329 1115 3386 «Ultima
1125 3335 1177 3389 feta
1192 3337 1327 3410 Deprecor
1339 3363 1370 3397 ee

323 3439 345 3471 α.
356 3418 476 3472 Placebit
485 3421 528 3472 tlte·
539 3420 624 3488 ignis,
637 3429 683 3470 etc.
699 3415 801 3470 Similia
849 3417 932 3478 ²¹¹¹?es
947 3407 1050 3460 θῐῑῐῑῐΰῖ
1066 3411 1178 3466 ctrtlinit
1202 3434 1307 3484 anuos,
1327 3421 1369 3472 Ne

289 3497 336 3570 Ep,
349 3511 425 3558 ml,
444 3516 470 3564 ¹7
483 3508 536 3549 „02
853 3484 950 3537 diesem
962 3485 1056 3539 servire
1066 3506 1150 3542 senex.
1162 3513 1177 3538 s

322 3571 344 3627 3.
362 3573 468 3627 Dictum
478 3580 545 3638 jam.
557 3573 605 3638 lV,
621 3591 663 3639 rr,
676 3570 692 3622 3
705 3592 741 3642 tq.
882 3572 907 3626 ὃ.
918 3575 958 3626 At
969 3578 1054 3628 multa
1064 3576 1123 3631 hine
1134 3586 1271 3638 commoda
1281 3587 1368 3640 orfim-
1449 3589 1450 3616 ¹

322 3651 484 3717 &Memorio
494 3653 646 3704 decernente.
654 3649 801 3703 Lectionem
849 3660 899 3703 tur.
923 3651 984 3704 Non
1004 3652 1087 3707 solum
1108 3657 1212 3729 pulchre
1235 3675 1298 3730 est,
1321 3666 1367 3718 sed

289 3729 363 3784 codd.
377 3728 450 3782 Grut.
462 3729 567 3802 prefero
580 3748 639 3781 cum
650 3727 730 3781 Gron.
745 3728 802 3780 vui-
850 3729 924 3782 etiam
938 3730 1015 3785 multe
1027 3736 1178 3804 commode,
1191 3740 1286 3794 multu
1296 3744 1365 3796 utili-

289 3819 353 3881 μιν,
360 3808 801 3876 oecurrente,autdecurrente,qnam
849 3819 911 3860 tates
922 3810 1024 3879 prebet.
1034 3811 1082 3866 lile
1096 3813 1127 3866 de
1140 3815 1334 3890 pulchritudine
1351 3845 1365 3876 e

289 3885 364 3939 hahet
385 3885 492 3959 Lipsius.
509 3910 542 3922 -
553 3885 686 3938 Memorio
711 3887 800 3938 derer-
849 3884 963 3941 Platonis
975 3889 1083 3945 Phoedro
1097 3895 1139 3959 X,
1160 3918 1184 3970 p.
1203 3898 1254 3973 329
1270 3899 1298 3954 d.
1313 3903 1365 3977 bip,

287 3976 369 4016 mnu.
377 3963 430 4016 Etsi
439 3962 714 4038 seperstaesintanime
722 3963 801 4016 saeui·
849 3965 979 4042 desumpta
988 3984 1062 4038 runt,
1074 3991 1131 4042 que
1143 3975 1233 4030 Cicer-0
1243 3978 1275 4033 de
1284 3981 1364 4036 Offic,

288 4040 476 4094 tetesmemorie
484 4037 801 4110 etjudieinm,temenquie
849 4045 862 4096 1
869 4083 877 4106 ,
890 4048 904 4099 5
916 4045 971 4098 init.
982 4047 1072 4102 Seuer.
1082 4051 1130 4122 Ep.
1140 4067 1249 4118 Lxxxtx,
1261 4076 1272 4108 ι
1282 4075 1290 4110 :
1306 4065 1353 4112 115

288 4119 317 4170 iu
329 4117 438 4170 tumultu
447 4118 493 4170 illo
507 4116 694 4170 obserendum
707 4118 799 4184 totius,
850 4119 866 4171 ³
878 4122 955 4176 etalii
968 4125 1080 4178 remotim
1092 4147 1238 4202 expressere.
1353 4099 1363 4126 Ι

287 4214 344 4266 que
352 4207 418 4248 retro
429 4208 480 4264 est,
490 4195 548 4248 rite
559 4193 687 4249 eetionutu
695 4208 799 4266 utreque
883 4221 906 4270 7.
922 4201 948 4254 T
945 4206 1020 4256 otior.
1033 4204 1072 4257 Ab
1086 4207 1192 4263 externis
1207 4209 1331 4264 timebor
