2966 4948
525 437 697 507 CAPUT
730 436 795 505 vl.
1126 462 1190 532 ²77

118 589 286 656 Munatii¹
299 587 528 680 municipe1n¹
542 581 655 654 vides³
675 612 683 652 :
702 583 793 677 quod
806 584 869 652 tihi
882 608 997 666 uarro,
1009 583 1053 652 ad
1064 600 1194 652 sextum

120 703 293 774 decimum
308 704 456 799 lapidem
469 727 489 772 a
504 705 638 771 Vienna
655 715 841 788 natusest,
864 703 982 771 Gallus
998 725 1190 795 germanus.

119 825 242 914 Itaque
268 820 360 914 quod
386 821 521 890 Gallum
548 821 662 888 lacere
689 819 891 912 oportebat,
920 821 1061 888 Romam
1088 820 1190 913 cepit.

121 943 225 1008 Hunc
235 965 300 1033 ego
313 937 420 1008 reddo
435 931 519 1006 ribi⁴
533 936 694 1030 Lugduni
705 953 835 1019 natum,
851 935 911 1004 ubi
919 937 1072 1004 Licinius
1083 929 1096 972 ⁵
1108 936 1196 1004 mul·
1221 967 1234 999 ι

122 1073 174 1126 tos
193 1081 301 1125 annos
320 1056 489 1150 regnavit.
511 1055 568 1124 Tu
589 1069 719 1136 autem,
741 1055 800 1145 qui
819 1053 919 1148 plura
938 1052 1013 1121 locs
1034 1053 1169 1122 calcasti
1180 1097 1195 1136 ‚-

120 1197 225 1264 quam
241 1174 332 1242 ullus
346 1172 449 1240 mulio
468 1171 706 1266 perpetuarius
721 1163 748 1251 ⁶,
770 1167 1016 1262 Lugdunenses
1030 1169 1118 1237 scire
1133 1167 1197 1237 de-

120 1289 203 1368 bes,
223 1304 259 1356 et
276 1288 382 1356 multa
403 1287 510 1355 millia
525 1288 615 1354 inter
638 1286 817 1356 Xanthum
836 1291 846 1333 ⁷
864 1301 899 1354 et
918 1285 1121 1354 Rhodanum
1139 1287 1195 1352 in·

120 1382 250 1474 teiesse
262 1396 288 1472 ⁸.
309 1401 530 1472 Excandescit
549 1403 615 1470 hoc
634 1402 709 1469 loco
727 1400 889 1470 Claudius
901 1451 911 1484 ‚
923 1393 966 1470 'et
984 1420 1110 1494 quanto
1131 1425 1196 1494 po·

121 1535 191 1588 test
204 1543 378 1588 murmure
394 1521 563 1588 irascitur.
580 1517 677 1610 Quid
689 1517 832 1600 diceret,
849 1542 949 1586 nemo
963 1517 1191 1612 intelligebat.

118 1637 185 1704 Ille
198 1653 310 1705 autern
320 1636 457 1705 Febrim
466 1635 786 1727 ducitjubebaeillo
794 1651 891 1728 gestu
901 1634 1016 1703 solutae
1028 1641 1193 1716 ¹⁰manus,

118 1749 184 1820 sed
201 1757 227 1788 '¹
252 1752 296 1821 ad
309 1751 375 1822 hoc
393 1777 498 1822 unum
519 1753 599 1820 satis
623 1753 749 1834 firmae,
772 1775 841 1844 quo
856 1750 1024 1822 decollare
1040 1750 1194 1820 homines

154 1979 308 2033 remanant
319 2001 348 2034 ex
367 1999 417 2033 em.
437 1979 508 2034 lleati
522 1979 631 2055 reposui.
679 1993 779 2033 numct
792 1982 953 2054 tyrannidem
966 1983 1106 2056 ingentem
1120 2001 1192 2036 suam

116 2056 204 2109 Codd.
216 2069 240 2108 et
250 2057 307 2110 edd.
316 2070 414 2110 tenent:
424 2057 558 2112 Marsi·-
566 2059 632 2112 Mu·
679 2058 752 2110 l'urtis
765 2073 788 2111 ct
800 2060 895 2133 rapinis
907 2059 1023 2113 exercuit.
1041 2062 1129 2130 Quum
1141 2073 1193 2113 tan·

116 2137 196 2186 mlii.
207 2136 236 2186 1..
249 2137 378 2190 lllunatins
388 2137 495 2192 Plancus
510 2151 584 2190 notus
597 2150 632 2190 eat
680 2137 738 2190 dem
749 2157 771 2190 a.
783 2140 815 2192 U.
830 2137 887 2212 739,
905 2151 1032 2190 accusatus
1042 2137 1192 2212 repetunda-

117 2231 132 2264 e
145 2211 200 2264 Cic.
214 2213 292 2285 Epist.
306 2214 336 2268 ad
349 2214 409 2266 Div.
420 2215 453 2268 x.
464 2215 503 2267 Cl.
516 2215 631 2267 Gronov.
680 2234 736 2267 rum
749 2215 847 2269 timeret
860 2235 893 2268 ne
906 2217 1034 2288 Angustus
1043 2235 1130 2290 graves
1142 2235 1191 2270 ase

117 2289 152 2342 ad
164 2287 248 2344 Tacit.
259 2291 352 2344 Annal.
366 2293 388 2359 l,
404 2291 441 2356 13,
458 2306 482 2345 et
493 2294 632 2348 Ruhnken.
680 2307 789 2346 sumeret
801 2313 904 2367 ponas,
922 2313 1010 2347 omnes
1025 2292 1124 2347 divitias
1140 2293 1191 2348 illis

117 2367 150 2418 ad
166 2367 260 2420 Vellei.
278 2367 375 2422 Patere.
393 2371 428 2437 ll,
447 2371 487 2424 63.
510 2371 634 2425 Condidit
681 2371 753 2422 furtis
773 2383 925 2446 comparatas
942 2373 1057 2445 Augusto
1078 2371 1140 2424 dixit
1165 2393 1191 2425 se

117 2445 277 2518 Lugdunum
288 2467 310 2500 a.
320 2446 352 2502 U.
364 2445 392 2500 C.
404 2467 460 2513 7¹¹·
473 2449 541 2501 Vide
554 2449 633 2504 Dion,
681 2464 823 2514 acervasse,
846 2459 869 2500 el
879 2447 1001 2522 supplicio
1014 2445 1132 2502 liberatus
1146 2461 1189 2502 est.

119 2523 189 2576 Cass.
207 2525 308 2591 XLVI,
329 2529 377 2590 50,
394 2547 469 2597 quem
482 2527 583 2581 laudari
601 2530 633 2582 ad
682 2523 956 2590 13300212·111V‚.2t·

118 2599 226 2654 Senecae
235 2602 316 2673 Epist.
326 2617 385 2666 xct,
401 2605 438 2669 td.
714 2601 1034 2674 tilllulr'cperpetraarias.
1059 2603 1112 2671 Qui
1124 2624 1189 2656 sem·

153 2699 177 2730 a.
205 2679 348 2749 illuniceps.
381 2680 459 2734 Civis.
489 2679 632 2757 lllunicipia
681 2680 831 2751 permulam
844 2680 982 2732 veterinam
995 2679 1027 2732 ad
1039 2693 1152 2732 vecturas
1164 2693 1188 2733 et

117 2753 188 2806 enim
196 2769 256 2808 sunt
272 2757 326 2828 jure
341 2757 448 2810 civitatis
462 2759 573 2832 praeditae
586 2782 633 2813 ur-
681 2757 854 2832 colligendum
861 2760 921 2813 inde
929 2759 1026 2812 lucrum
1035 2759 1187 2812 conductam

115 2834 160 2886 hes
173 2871 181 2898 ‚
200 2833 294 2888 diversi
305 2849 388 2888 tamen
401 2836 501 2910 gradus.
523 2836 562 2888 Gi.
572 2837 631 2890 llo-
680 2834 771 2900 habet,
784 2850 808 2890 et
818 2857 968 2910 quacunque
983 2836 1110 2890 discurrit.

113 2911 163 2964 thii
177 2911 209 2964 de
222 2931 248 2964 re
259 2913 408 2987 municipali
418 2913 557 2969 Romanor.
572 2913 631 2968 libr.
714 2934 735 2981 7.
745 2915 892 2968 Xanthum.
908 2915 1030 2968 Fluvium
1043 2915 1127 2988 Trojse
1141 2935 1187 2969 no·

116 2991 150 3042 ll.
166 2991 240 3042 1801.
677 3003 738 3042 tum.
760 2992 853 3045 Sensus
870 3011 878 3046 t
898 2992 952 3047 noli
971 2993 1092 3061 credere,
1116 2995 1184 3047 hunc

147 3069 175 3124 3.
190 3071 280 3123 Πάρι.
291 3070 351 3124 Post
360 3073 434 3124 vides
443 3071 588 3126 Schellerua
600 3073 628 3125 in
677 3067 814 3123 Claudiurn
830 3091 844 3123 a
857 3071 933 3144 'l'roja
948 3072 1046 3137 venire,
1064 3086 1107 3125 ant
1123 3073 1183 3127 inda

114 3146 628 3219 Lecttacad.putatlegendumessetdu·
676 3146 811 3200 oriundum
825 3169 884 3202 esse.

113 3225 252 3294 &Semi
258 3227 307 3278 titt
315 3227 412 3280 narro?
423 3227 475 3280 Sed
486 3230 553 3304 vulg.
561 3230 626 3286 bene
708 3237 732 3289 8.
743 3235 930 3308 Lugdunenses
939 3241 1004 3290 scire
1005 3275 1045 3292 .....
1052 3243 1181 3292 interesse.

113 3303 200 3356 hibel-
674 3315 773 3386 Duplex
784 3317 861 3370 incisa
872 3317 903 3369 sd
915 3319 941 3369 ei
952 3319 1028 3370 debes
1041 3319 1180 3386 reserenda,

146 3383 173 3448 4.
184 3380 319 3452 Htmugo
329 3383 408 3434 riddo
419 3383 474 3436 llbt'·
485 3383 625 3438 Sl0⁰m¹¹⁰⁵
674 3395 745 3464 quasi
762 3396 879 3470 seriptum
897 3409 958 3448 esset
976 3395 1047 3448 :Ubi
1060 3409 1181 3450 terrarum

111 3459 189 3512 codd.
202 3473 227 3511 et
238 3460 278 3512 ed.
289 3481 354 3514 rom.
379 3466 413 3515 llt
430 3461 523 3514 tuntas
540 3483 554 3514 e
569 3464 624 3517 cod.
674 3471 855 3543 Lugdunenses
875 3473 990 3525 habitant
1010 3473 1088 3548 probe
1109 3493 1180 3525 nosse

110 3539 198 3592 Jureti
207 3541 418 3613 reposuittHune
424 3561 469 3610 ego
474 3544 522 3594 tibi
526 3549 624 3614 recipio.
675 3547 766 3616 debes,·
776 3551 852 3604 debes
859 3565 882 3604 et
892 3571 964 3603 nosse
972 3564 1095 3624 quantum
1107 3552 1183 3604 iuter·

111 3615 232 3668 Koelerus
244 3636 316 3670 meus
330 3637 408 3690 quum
417 3621 623 3676 abseireinsolito
673 3625 752 3698 jaceat
762 3628 835 3702 spatii
850 3629 979 3682 Xanthum
992 3629 1057 3682 inter
1071 3643 1096 3681 et
1107 3629 1165 3682 Rho
1178 3659 1180 3664 ·

111 3692 310 3765 ruodopositnm
318 3715 369 3749 esse
378 3696 554 3768 putarethaud
562 3701 624 3753 mul·
674 3702 777 3758 danum.

112 3786 168 3824 nam
189 3771 292 3838 abluit,
317 3775 380 3846 quin
401 3776 533 3844 erederet,
557 3777 583 3830 h.
607 3779 624 3832 l.
691 3773 823 3854 ⁴pDucr'.
837 3784 878 3839 Sc.
889 3787 921 3839 ad
931 3787 1090 3861 supplicium.

111 3847 231 3919 quadam
242 3852 370 3905 excidisse.
384 3855 528 3908 Occurrunt
539 3871 624 3910 tamen
708 3879 745 3914 to.
756 3862 855 3918 Saluta
870 3885 966 3920 manus
976 3885 981 3917 :
992 3868 1178 3936 παραλιλυμίνης

111 3926 227 3999 exempla
248 3929 383 4012 quaedam,
404 3931 431 3983 iu
455 3933 550 4006 Lexicis
571 3955 623 3988 non
673 3941 777 4013 exponit
794 3941 908 4010 lluetua,
928 3944 1025 3997 scilicet
1042 3943 1131 3996 debilis
1154 3959 1179 3999 et

110 4003 224 4069 omissa,
237 4026 294 4075 quae
307 4008 413 4074 docent,
425 4015 489 4063 scire
497 4011 623 4066 interdurn
672 4019 808 4071 trementis.

111 4101 159 4157 pro
167 4101 269 4136 mscere
280 4105 337 4140 usos
352 4089 426 4141 luisse
441 4102 545 4142 veteres.
709 4116 744 4148 ιι.
756 4095 818 4150 Sed.
831 4097 895 4150 Cum
906 4099 1037 4154 Gronovio
1055 4115 1078 4153 et
1095 4101 1178 4154 llueto

147 4165 173 4216 5.
188 4163 312 4222 Licinius.
335 4169 426 4224 Galliae
448 4175 578 4243 praelectus
601 4187 625 4228 et
673 4165 761 4244 picho.
780 4173 850 4227 Olim
870 4189 900 4229 et.
926 4177 959 4228 At
980 4175 1053 4230 codd.
1072 4199 1098 4230 a.
1113 4179 1138 4246 β.
1154 4198 1179 4252 g.

122 4263 167 4319 pse
177 4244 280 4298 natione
290 4246 378 4300 Gallus
388 4248 558 4304 crudelissime
570 4271 626 4326 reg·
676 4253 804 4305 omittunt.
