2990 4942
288 447 348 510 152
457 441 525 508 At)
550 441 804 511 utuctttt
829 441 1188 514 CONSOLATIO.

282 569 414 639 nullum
431 569 530 638 aiunt
545 571 555 606 ¹
573 571 699 639 frustra
715 571 839 640 cadere
855 572 979 656 telum,
996 573 1094 666 quod
1110 575 1148 641 in
1163 574 1356 642 oonlertum

281 711 405 781 agmen
425 687 610 758 immissum
636 704 700 757 est.
727 689 855 758 Mirum
881 707 953 774 est,
982 705 1109 760 tantam
1135 689 1269 760 tullium
1286 715 1358 759 non

283 803 433 896 potuisse
452 802 526 870 sine
553 800 682 870 invidia
697 802 862 872 damnove
881 805 1086 898 prutes-vehi
1100 808 1116 873 Ρ
1132 806 1177 872 ts
1198 804 1265 872 hoc
1286 805 1357 872 ini-

283 917 385 1007 quior
403 916 538 984 lortuna
557 916 641 998 luit,
660 916 759 1008 qnod
778 941 847 986 non
865 930 995 986 tantum
1014 919 1102 987 lilios
1125 920 1274 1012 eripuit,
1296 918 1357 986 sod

284 1032 389 1124 elegit
403 1036 430 1099 ¹.
446 1035 629 1124 Nunquam
646 1049 758 1100 tamen
775 1033 936 1126 injuriam
950 1034 1095 1118 dixeris,
1112 1057 1154 1103 ex
1168 1057 1266 1127 tequo
1278 1057 1357 1101 enm

284 1151 475 1241 potentiore
495 1142 666 1217 dividere³
682 1172 692 1216 ε
707 1148 792 1218 duas
803 1150 866 1218 tibi
891 1152 1033 1244 reliquit
1052 1152 1162 1234 filias,
1183 1168 1219 1222 et
1234 1153 1358 1220 unum

284 1281 450 1360 nepotes:
471 1283 506 1336 et
526 1269 638 1360 ipsmn
650 1291 753 1360 quem
771 1267 915 1336 maxime
934 1267 1052 1363 luges,
1074 1271 1198 1363 prioris
1221 1269 1354 1350 oblita,

286 1411 353 1455 non
372 1411 413 1455 ex
428 1403 498 1456 toto
513 1385 668 1454 abstulit.
699 1384 814 1472 Habes
832 1409 872 1452 ex
889 1385 949 1454 illo
968 1385 1052 1454 duas
1070 1386 1186 1473 filias3
1219 1388 1248 1452 si
1268 1385 1359 1455 male

285 1505 374 1584 fers,
397 1527 519 1597 magna
538 1526 643 1571 onera
660 1532 669 1589 3
694 1503 722 1570 si
751 1501 857 1584 hene,
882 1527 1005 1596 magna
1023 1503 1153 1572 solatia.
1179 1505 1221 1570 ln
1240 1504 1308 1571 hoc
1324 1517 1358 1570 te

285 1619 467 1712 perduxit,
488 1635 528 1688 nt
548 1619 624 1688 illas
644 1643 749 1711 quum
767 1617 922 1704 videris,
942 1617 1156 1688 admonearis
1178 1619 1265 1702 filii,
1288 1643 1359 1686 non

247 1753 260 1798 s
286 1735 425 1804 doloris.
447 1729 654 1830 Agricola⁴‚
679 1735 807 1804 eversis
831 1733 1034 1818 arboribus,
1055 1760 1140 1827 quas
1157 1751 1218 1803 unt
1234 1751 1361 1805 ventus

286 1851 451 1921 radicitus
467 1852 612 1933 evulsit,
632 1868 692 1919 aut
708 1867 885 1920 contortus
906 1855 1087 1946 repentino
1105 1855 1235 1947 impetu
1257 1853 1361 1922 turbo

287 1970 476 2062 perfregit,
494 1967 643 2036 sobolem
657 1992 698 2036 es
712 1967 780 2038 illis
796 1967 967 2038 residuam
983 1969 1095 2054 louet,
1113 1987 1148 2037 et
1160 1971 1361 2038 amissarum

287 2087 415 2154 semina
428 2087 538 2154 statim
556 2087 759 2180 plantasque
776 2085 926 2179 disponit
943 2115 952 2173 3
972 2104 1007 2156 et
1020 2104 1188 2156 momento
1203 2088 1309 2177 (nam
1322 2103 1361 2156 nt

288 2205 323 2270 in
342 2201 487 2282 damna,
507 2202 552 2268 ita
567 2200 612 2269 ad
633 2203 844 2270 incrementa
863 2202 1021 2296 rapidum
1043 2205 1208 2296 veloxque
1227 2220 1363 2298 tempus

248 2335 265 2386 6
288 2321 356 2408 est)
368 2318 569 2386 adolescunt
579 2320 711 2386 arnissis
724 2319 865 2386 letiotu.
881 2322 950 2387 llus
963 2344 1056 2388 nnnc
1069 2321 1193 2388 Metilii
1208 2322 1258 2388 tui
1273 2320 1362 2387 filias

289 2436 324 2502 in
338 2435 412 2526 ejus
427 2435 534 2502 vicem
549 2429 733 2516 substitue,
752 2451 787 2504 et
804 2451 980 2504 vaosntem
995 2435 1105 2506 locum
1121 2437 1230 2531 exple.
1245 2435 1364 2504 Unum

288 2552 439 2620 dolorem
459 2554 630 2646 geminato
647 2551 765 2620 solatio
778 2553 866 2621 leva.
884 2556 964 2620 Haec
978 2554 1117 2648 quidem
1131 2569 1253 2622 natura
1272 2575 1364 2622 mor-

288 2671 405 2740 talium
420 2688 491 2756 est,
509 2688 549 2739 ut
566 2667 654 2738 nihil
673 2671 781 2764 magis
794 2670 948 2764 placeat,
967 2697 1069 2764 quatu
1088 2671 1181 2764 quod
1198 2673 1363 2742 amissum

287 2805 364 2872 est3
383 2789 574 2879 iniquiores
591 2811 707 2854 sumus
725 2786 889 2856 adversus
905 2789 1048 2870 relictas
1064 2805 1260 2882 ereptomtn
1275 2788 1366 2857 desi-

263 2990 266 2998 ,
289 2902 402 2972 derio:
422 2901 481 2972 sed
495 2905 523 2971 si
537 2903 702 2970 estimare
716 2901 886 2985 volueris,
904 2931 1004 2997 quam
1019 2905 1082 2974 tibi
1097 2903 1197 2974 valde
1211 2905 1368 2990 fortuna,

324 3158 345 3189 ι,
358 3139 450 3190 Ataeo.
464 3137 591 3190 Nonnulli
602 3135 676 3189 MSS.
689 3158 727 3212 ap.
738 3135 799 3190 Pin·
849 3152 886 3192 τοι
905 3137 1020 3194 Teletem
1042 3143 1053 3206 (
1068 3162 1106 3216 ap.
1126 3140 1257 3194 Stobaeum
1279 3137 1364 3194 Serm.

289 3215 354 3268 cian-
373 3227 397 3268 et
415 3214 528 3267 Scottum
548 3215 644 3284 (Obss.
657 3215 707 3280 lll¹
725 3217 798 3290 qap.
849 3217 919 3270 CVl.
937 3241 961 3292 p.
984 3221 1041 3290 495.
1061 3217 1168 3284 Geso-l.
1180 3221 1215 3271 Ol
1231 3221 1273 3289 γὰρ
1292 3221 1367 3287 ὃρθός

293 3293 573 3361 ido)habentomot,i
591 3295 798 3349 e.wlet.l’at·utn
848 3295 904 3361 puel
932 3295 1113 3364 βουλευομένους
1138 3301 1147 3352 l
1173 3297 1290 3348 Στῖλπυο·
1316 3299 1365 3362 τὶ,

291 3372 671 3455 refert,utrumprteleras;prius
682 3385 799 3450 estzpro·
850 3373 891 3426 dd:
920 3375 973 3436 τοὺς
998 3376 1180 3444 ἇπογενομίνους
1202 3379 1247 3426 οὖν
1271 3376 1367 3438 {dnos

289 3447 376 3503 verbio
388 3451 489 3504 dlcilur.
852 3455 977 3522 ὂλιγωριΐυ·
989 3455 1084 3522 γευῃὶς
1097 3454 1124 3505 οὗ
1139 3463 1205 3506 ποιοῖ
1217 3460 1296 3504 τοῦτο.
1308 3453 1364 3504 eddi

322 3551 345 3584 ο.
358 3533 448 3602 Elegit.
462 3529 554 3584 Indole
570 3545 594 3582 et
611 3531 715 3602 ingenio
731 3551 801 3604 prae-
850 3531 878 3582 tv
895 3535 939 3582 evis
955 3528 1056 3596 ὃῖνδρων
1071 3529 1142 3599 ξηρόν
1158 3553 1178 3582 τι
1195 3531 1285 3593 γένηαι
1300 3565 1308 3592 ,
1326 3533 1365 3581 zoi

289 3607 488 3676 numinianum,
504 3621 528 3660 et
544 3608 588 3678 qui
601 3608 801 3680 propinquorum
852 3611 880 3661 sla
890 3611 949 3661 stlta
959 3607 1205 3678 apostatant-&tta
1215 3613 1259 3658 eds
1273 3611 1366 3659 λοιπόυ

291 3687 512 3740 deo'usmasimum
524 3699 549 3738 et
558 3685 679 3738 auxilinm
692 3701 753 3737 erat.
850 3689 1012 3758 λπιμλὸρινος
1024 3699 1130 3759 πειρᾶται
1151 3692 1192 3746 τὴν
1205 3697 1246 3740 τοῦ
1260 3689 1368 3740 λιλιλοο·

321 3763 345 3816 3.
359 3761 409 3818 Ex
421 3781 496 3834 oeqno
506 3784 566 3816 cum
579 3769 721 3832 pounttbre
737 3765 802 3816 divt-
850 3771 921 3828 πάτος
935 3770 1015 3838 χροίαν
1031 3771 1192 3838 ἐκπληροῦν.
1207 3765 1267 3818 Esse
1279 3757 1365 3818 sutem

287 3844 354 3896 dere.
378 3842 481 3894 Etenim
505 3862 534 3895 ex
555 3856 662 3914 quatuor
683 3843 794 3908 liberis,
851 3843 930 3914 potuit
946 3856 974 3895 ut
994 3842 1088 3896 librum
1105 3843 1199 3897 Telstis
1213 3843 1366 3919 pythagorei

288 3917 351 3971 duos
366 3931 464 3972 tantum
482 3921 583 3972 fortuna
593 3961 600 3988 ‚
612 3939 686 3992 que,
700 3933 728 3972 ut
739 3932 797 3994 pote
847 3922 900 3990 supi
906 3921 1367 3990 mpessimosretniniseereturuoster.

287 3997 428 4071 potentior,
456 4017 544 4052 omnes
564 3999 658 4070 stipere
683 3998 797 4063 valeret,
847 4001 920 4053 Teles
937 4000 998 4052 vixit
1013 4001 1081 4054 circa
1092 4013 1204 4073 tempora
1216 4000 1362 4074 stilponis,

286 4073 396 4137 abstulit,
404 4076 466 4128 duat
476 4089 560 4129 autern
573 4073 639 4130 filias
650 4076 797 4146 reliquit,en
850 4098 926 4149 quem
933 4080 1136 4148 ηυριν(πρόηυ)
1145 4079 1263 4150 quedam
1272 4078 1365 4132 dixisse

286 4171 359 4228 aquo
370 4153 496 4208 dividens.
849 4154 891 4208 ille
905 4155 986 4208 attus
993 4153 1075 4228 Stilpo
1084 4153 1170 4210 floruit
1179 4157 1238 4210 cire·
1247 4156 1291 4209 Ol.
1305 4157 1363 4222 116,

319 4232 343 4297 4.
358 4233 602 4306 Αμίεολοὼἰμὶυυ
613 4233 678 4286 bene
691 4252 798 4305 compt-
850 4233 982 4286 Demetrio
1005 4233 1146 4288 Poliorcete
1178 4247 1201 4288 st
1224 4235 1366 4290 Ptolemoeo
