2978 4942
294 347 358 420 530
625 349 694 416 DE
716 349 1029 420 BENEFICHS

291 479 476 575 diligenter
492 481 651 574 inspicit,
671 499 736 550 nee
755 480 837 550 facit
853 504 966 574 operae
984 483 1152 574 pretium,
1170 504 1235 549 nec
1253 497 1362 550 tamen

290 596 406 692 perdit
422 620 573 692 operam.
586 595 668 665 Tibi
681 613 793 666 autem
810 597 942 666 bomini
960 613 1084 666 natura
1100 598 1250 691 optimo,
1274 597 1364 666 etad

289 714 458 782 beneficia
474 736 666 807 propenso,
685 713 853 782 Liberalis
871 713 1010 794 Eburi,
1032 714 1127 782 nulla
1151 739 1272 783 eorum
1289 714 1363 783 lau·

248 848 265 901 3
289 826 382 896 datio
400 827 576 896 satislacit.
599 828 779 894 Neminem
805 851 957 919 unquam
982 826 1055 896 vidi
1082 843 1149 895 tam
1177 827 1363 922 benignum

289 946 391 1014 etiam
405 945 652 1014 levissimorum
671 943 863 1012 officio‘rum
879 945 1130 1014 aestimatorem.
1144 947 1220 1014 Jam
1232 945 1365 1014 bonitas
1466 995 1467 1034 p

289 1079 348 1132 tua
364 1085 404 1132 eo
413 1085 523 1154 usque
532 1060 692 1154 prolapsa
707 1075 780 1142 est,
798 1074 837 1127 ut
850 1058 914 1127 tibi
928 1057 1004 1127 dari
1022 1075 1122 1155 putes
1133 1058 1361 1143 beneficium,

287 1177 381 1274 qnod
388 1177 451 1246 ulli
464 1175 584 1261 datur3
597 1191 737 1271 paratus
754 1199 810 1258 es,
829 1197 992 1268 nequem
1006 1174 1168 1244 beneficii
1185 1177 1361 1270 poeniteat,
1466 1177 1467 1200 .

288 1319 351 1389 pro
376 1291 522 1387 ingratis
543 1287 777 1386 dependere¹.
809 1292 887 1383 Ipse
913 1313 1023 1382 usque
1048 1314 1089 1358 eo
1113 1290 1195 1360 abes
1212 1292 1257 1360 ab
1274 1295 1364 1362 omni

283 1411 491 1503 jactatione,
508 1431 617 1502 usque
641 1432 682 1476 eo
698 1407 813 1476 statim
831 1407 882 1474 vis
903 1429 1087 1476 exonerare
1109 1430 1196 1500 quos
1210 1407 1361 1502 obligas,

288 1541 326 1593 ut
342 1523 512 1618 quidquid
528 1525 565 1592 in
581 1524 732 1616 aliquem
754 1522 907 1604 confers,
929 1501 1015 1592 velis
1038 1519 1148 1590 videri
1167 1546 1238 1590 non
1254 1547 1365 1616 pres-

245 1658 263 1725 4
289 1656 384 1727 tare,
406 1639 467 1710 sed
485 1637 644 1709 reddere.
667 1639 819 1731 ideoque
836 1639 972 1733 plenius
985 1638 1029 1706 ad
1046 1655 1078 1708 te
1091 1639 1140 1707 sic
1152 1636 1233 1708 data
1244 1662 1365 1707 rever-

288 1773 429 1842 tuntur3
448 1782 525 1826 nam
541 1758 613 1826 fere
627 1770 820 1849 sequuntur
830 1755 999 1825 beneficia
1016 1781 1085 1824 non
1103 1771 1362 1851 reposcentem:

286 1889 321 1942 et
337 1891 376 1943 ut
394 1874 503 1968 gloria
522 1873 693 1966 fugientes
711 1873 820 1967 magis
836 1874 992 1967 sequitur
1004 1877 1034 1956 ¹,
1051 1874 1100 1941 ita
1119 1873 1250 1942 fructus
1265 1873 1367 1942 bene·

287 1991 443 2061 ficiorum
463 1991 593 2086 gratius
612 1989 797 2084 respondet
810 1988 901 2071 illis,
919 2014 983 2082 per
995 2015 1080 2082 quos
1097 1991 1200 2058 etium
1220 2013 1298 2058 esse
1312 1992 1364 2059 in·

287 2108 393 2202 gratis
402 2107 494 2176 lieet.
512 2109 578 2174 Per
589 2120 622 2174 te
635 2129 717 2174 vero
727 2129 796 2174 non
806 2121 858 2172 est
867 2127 981 2188 mora,
994 2129 1062 2198 qno
1073 2106 1186 2174 minus
1196 2105 1364 2176 beneficis

287 2223 348 2317 qui
367 2235 592 2316 acceperunt,
616 2221 706 2290 ultro
734 2235 914 2315 repetant:
936 2243 1000 2288 nee
1020 2219 1193 2289 recusabis
1206 2221 1363 2291 conferre

288 2337 375 2418 aliu,
395 2351 430 2404 et
444 2336 636 2430 suppressis
655 2334 943 2427 dissimulatisque
960 2334 1061 2428 plura
1078 2359 1119 2403 ac
1133 2336 1268 2429 majora
1278 2337 1364 2431 adji-

288 2477 379 2522 cere.
395 2453 608 2546 Propositum
623 2453 740 2544 0ptimi
755 2451 840 2534 viri,
864 2467 899 2518 et
917 2452 1066 2544 ingentia
1079 2453 1184 2520 animi
1200 2470 1252 2523 est
1265 2505 1276 2537 ,
1296 2470 1362 2523 tam

288 2569 350 2640 diu
375 2571 465 2639 lerre
491 2571 683 2663 ingratum,
712 2569 820 2637 donec
839 2569 961 2636 leceris
983 2585 1129 2661 gratum.
1155 2573 1281 2641 Necte
1301 2575 1363 2642 ista

289 2690 376 2760 ratio
389 2687 557 2782 decipiet3
583 2687 808 2756 succumbunt
825 2688 907 2755 vitia
932 2687 1137 2770 virtutibus,
1158 2691 1187 2758 si
1211 2691 1271 2760 illa
1295 2716 1363 2762 non

288 2808 356 2875 cito
374 2804 485 2874 odisse
504 2799 774 2899 propemveris⁵.

324 3032 417 3086 1.Ρ1ὀ
437 3035 549 3102 ingratis
566 3032 712 3100 dependere.
732 3033 801 3100 Quia
848 3037 998 3088 illaoorrcito
1006 3039 1093 3089 odisse
1099 3039 1286 3108 properaveris,
1295 3035 1363 3089 unde

286 3101 333 3163 tibi
345 3110 460 3163 inscribis
471 3121 496 3162 et
509 3111 616 3182 imputas
630 3108 761 3164 bedeima
773 3111 800 3163 in
849 3111 964 3165 Muretus
974 3113 1034 3166 lecit
1044 3131 1051 3166 ε
1061 3119 1086 3166 si
1095 3117 1145 3167 5110
1155 3135 1208 3168 nors
1216 3121 1268 3169 cito
1279 3117 1363 3168 odisse

286 3189 350 3242 elios
362 3187 468 3250 collatu,
486 3187 599 3258 sequitur
614 3199 642 3240 ut
656 3199 740 3261 μὴν
755 3209 800 3260 pro
845 3209 921 3260 prop.
934 3191 1020 3262 lipsio
1032 3191 1137 3262 aliisque
1150 3193 1289 3247 editoribus
1299 3213 1363 3268 pro-

286 3267 317 3320 iis
328 3264 362 3319 tis
373 3278 398 3318 et
408 3265 499 3318 solvus.
849 3266 1172 3341 bentibuslnqnatameu
1186 3269 1362 3323 lectioueille:

320 3365 341 3395 s.
350 3342 389 3396 Et
398 3354 427 3395 ut
434 3341 658 3414 glorinfugr'entes
667 3345 678 3410 (
688 3342 730 3396 Se.
743 3363 799 3396 esrn
848 3349 958 3398 nancile
967 3366 1025 3399 curn
1033 3351 1212 3416 properaveris
1223 3348 1291 3401 male
1303 3369 1363 3401 oon-

285 3420 404 3496 gloriam)
411 3421 499 3488 magis
507 3422 631 3490 seqnitur,
641 3419 658 3470 i.
668 3440 692 3472 e.
703 3421 800 3472 modes·
848 3435 951 3491 munt.
964 3424 1231 3499 Rudkopffproposuit
1242 3437 1267 3478 et
1277 3427 1308 3478 in
1315 3439 1363 3479 tes·

283 3511 330 3551 tos.
341 3496 386 3551 Sic
394 3495 531 3570 Agrippam
541 3495 591 3559 w,
601 3495 644 3560 32,
655 3495 683 3560 4,
692 3496 800 3569 appellat
848 3514 903 3554 tum
918 3503 1012 3577 recepit
1023 3501 1069 3556 lios
1078 3506 1143 3556 scito
1153 3506 1241 3556 odisse
1249 3523 1362 3572 prospe·

284 3573 800 3646 nosterglorioesequentislugscissimum.
848 3580 1362 3652 moeris,quamlectionemsicdelendit:

256 3663 274 3684 ¹·
282 3655 330 3728 Ep.
338 3669 469 3716 extranta,
479 3652 514 3704 ait
523 3669 529 3704 t
542 3651 742 3704 eGloriaumbra
751 3653 799 3706 vir·
849 3678 863 3703 α
873 3677 953 3727 quum
963 3677 1009 3711 eon
1016 3671 1041 3710 et
1048 3658 1093 3712 boc
1102 3659 1130 3712 iu
1140 3660 1215 3712 codd.
1223 3679 1289 3732 sepe
1302 3681 1363 3714 cun-

284 3731 342 3784 tutis
352 3741 399 3794 est,
410 3729 485 3784 etiam
497 3727 592 3780 invitos
607 3729 797 3782 comitabitur.»
847 3733 987 3787 fundantur
998 3736 1049 3800 (cl.
1064 3736 1161 3810 Heyuii
1175 3738 1252 3790 Obss.
1264 3737 1299 3790 ad
1312 3739 1363 3790 'li-

282 3805 491 3882 ingeniosissime
516 3825 617 3876 quoque
643 3807 768 3862 Martialis
789 3825 796 3860 t
848 3809 910 3864 bull.
925 3812 977 3874 lv,
995 3831 1024 3877 u,
1038 3813 1107 3880 32),
1125 3814 1267 3888 legendnm
1280 3828 1360 3890 puto:

284 3911 298 3936 a
313 3890 380 3940 Ante
392 3889 458 3939 lares
468 3897 574 3936 stantem
589 3877 688 3936 dubitas
700 3884 798 3938 admit·
847 3885 893 3939 doc'
903 3892 981 3951 scita,
995 3888 1011 3940 i.
1022 3888 1225 3957 electatione,
1239 3912 1362 3962 quamse-

283 3969 444 4022 terelamaru.
452 3987 465 4010 »ι
479 3964 548 4018 libr.
556 3965 583 4027 l,
597 3963 719 4034 epigram.
727 3981 797 4018 xxvi.
847 3965 938 4034 queris.
945 3965 1046 4019 Scitum
1056 3980 1140 4020 autem
1151 3969 1219 4021 idem
1229 3969 1361 4040 essequod

317 4047 340 4098 3.
360 4045 420 4097 Non
438 4045 487 4096 cilo
506 4044 593 4095 odisse
610 4047 795 4108 proper-oreris.
846 4042 988 4108 decretum,
1007 4043 1089 4113 δόγμα,
1108 4045 1159 4117 ipse
1182 4059 1268 4098 noster
1288 4047 1361 4100 docet

285 4121 366 4175 Codd.
379 4141 435 4174 mss,
448 4133 471 4171 et
485 4119 553 4192 vulg.
567 4117 624 4170 edd.
638 4117 732 4170 babent
750 4138 755 4171 :
773 4121 798 4170 si
846 4121 891 4191 Ep.
905 4135 974 4188 ειν,
995 4139 1020 4191 9.
1036 4123 1089 4176 Nec
1098 4127 1278 4193 properaveris
1295 4137 1359 4178 stare
