2976 4950
281 469 348 558 442
613 463 1012 536 nonnunmcus

282 599 586 696 subscriptionem¹
609 611 854 692 componeret,
873 594 1023 666 ostendit
1037 595 1074 664 in
1090 619 1193 666 monn
1208 621 1270 666 sun
1282 585 1356 668 s'er-

280 737 343 784 vus
358 712 535 785 annulum.
557 711 594 782 si
612 711 690 806 quie
707 711 801 782 hune
815 735 951 782 servum
964 725 1084 794 voert,
1105 726 1141 779 et
1158 709 1256 780 illum
1272 735 1355 780 oon-

279 833 413 902 vivnm²
433 829 579 900 vocabit.

327 949 472 1018 XXVII.
494 945 566 1016 Sub
587 945 666 1017 divo
688 947 841 1042 Augusto
856 944 1009 1014 nondum
1029 943 1225 1014 hominihus
1247 945 1354 1014 vcrha

279 1087 340 1134 sun
357 1063 550 1158 periculosa
563 1077 680 1146 erunt,
696 1061 771 1156 jem
787 1061 940 1132 molesto.
962 1060 1096 1146 Rufus,
1115 1062 1170 1131 vir
1192 1052 1353 1130 'ordinis

279 1182 459 1264 senatorii,
482 1181 574 1250 inter
589 1203 721 1248 ocenum
741 1193 917 1272 opturerst
936 1227 947 1260 ,
967 1202 1013 1248 ne
1028 1179 1142 1248 Caesur
1156 1177 1270 1248 salmis
1293 1202 1352 1246 re·

278 1294 369 1367 diret
383 1317 425 1364 ex
439 1317 480 1364 est
497 1293 773 1388 peregrinatione
791 1316 893 1386 quom
910 1291 1055 1388 parabat
1070 1343 1080 1374 ‚
1097 1308 1134 1360 et
1148 1291 1323 1384 adjecerat
1338 1341 1349 1374 ,

278 1413 370 1486 idem
390 1437 508 1484 omnes
520 1429 556 1484 et
569 1429 682 1486 tauros
694 1413 863 1484 etvitulos
876 1406 1033 1509 opture‘.
1049 1413 1205 1482 Fuerunt
1217 1415 1279 1506 qni
1292 1413 1352 1482 illa

278 1529 465 1626 diligenter
481 1529 655 1600 audirent.
665 1533 711 1601 Ut
727 1532 877 1624 primum
896 1529 1031 1614 diluxit,
1056 1553 1174 1600 cerrus
1196 1532 1257 1624 qui
1279 1554 1352 1600 αε-

277 1649 373 1718 nunti
383 1646 428 1718 nd
441 1647 546 1742 pedes
558 1641 721 1720 steterot⁵
735 1698 746 1732 ,
765 1661 883 1716 narrat
893 1669 971 1740 qnae
980 1648 1072 1716 inter
1087 1669 1217 1716 ooennm
1231 1647 1351 1716 ebnus

280 1766 443 1852 dixissen
471 1767 643 1852 hortetur,
664 1782 702 1836 nt
721 1769 890 1838 &eurem
908 1779 1066 1859 oocnpet,
1090 1781 1200 1860 utque
1220 1766 1296 1860 ipse
1313 1789 1350 1834 se

238 1907 253 1941 ι
275 1881 421 1953 deierat.
442 1885 530 1954 Usus
549 1884 704 1968 oonsilio,
727 1876 970 1954 descendenti⁶
982 1882 1109 1952 Caesari
1125 1882 1288 1952 occurrit.
1307 1884 1350 1949 Et

277 2025 383 2093 quum
399 2000 521 2070 melnm
531 2017 680 2072 mentem
688 1999 894 2070 habuisseee
904 1997 1017 2092 pridie
1027 1996 1247 2092 juramento
1259 2013 1300 2067 ut
1312 1998 1350 2064 in

276 2212 320 2266 sie
340 2211 489 2266 tlicehantur
506 2214 634 2282 verentis,
660 2213 786 2284 muenia.
835 2229 915 2282 quum
933 2210 1042 2276 (liceret,
1056 2213 1198 2284 Angustum
1214 2211 1348 2284 cognitio-

312 2309 334 2342 ι.
351 2287 579 2358 Subscrtprtonem.
598 2293 620 2346 l.
636 2311 658 2344 e.
669 2291 787 2346 libellum
834 2309 895 2342 uem
911 2289 944 2342 tle
960 2289 1064 2343 famosis
1078 2287 1173 2342 libellis
1189 2289 1273 2362 specie
1283 2287 1348 2361 legis

274 2367 450 2433 moenie
459 2367 592 2424 ettioeteri
600 2383 730 2442 umquam
740 2383 787 2424 tes·
833 2367 969 2440 majestatis
981 2369 1093 2442 primum
1103 2368 1243 2422 messos:
1256 2387 1263 2422 ι
1274 2368 1348 2423 Sue-

275 2445 499 2520 tes‚snhscripsere
509 2459 534 2499 et
544 2447 607 2502 socii
615 2448 722 2501 nomina
732 2467 785 2500 sna.
834 2459 887 2500 tou.
899 2445 957 2499 Tib.
970 2447 1002 2499 58
1015 2445 1085 2500 idem
1094 2447 1146 2499 l'ere
1159 2444 1244 2497 tradit.

308 2543 331 2575 a.
346 2522 497 2577 Convivam.
514 2525 649 2579 hieronem
666 2525 747 2580 oetier
762 2537 787 2578 et
868 2523 892 2588 4.
901 2523 980 2578 Idem
987 2531 1221 2592 ms.....optssr.
1230 2523 1349 2577 Similem

275 2601 445 2654 accusationes
458 2601 494 2655 ihi
507 2604 695 2657 machinantem
711 2615 786 2676 atque
834 2599 920 2672 jocum
941 2603 1014 2654 ail'ert
1034 2601 1134 2676 Lipsius
1153 2621 1183 2654 es
1206 2601 1348 2654 Ammiano

274 2679 334 2734 idco
342 2679 392 2734 hoc
403 2680 507 2734 nominc
517 2681 633 2738 movisse
639 2683 785 2756 indignum.
835 2677 978 2732 hlsroellin·
989 2679 1072 2744 ΧΠ,
1083 2680 1134 2754 4?-
1142 2681 1286 2749 &sio-ll,
1294 2681 1347 2754 bip.
1366 2747 1369 2754 Ι

276 2755 402 2830 Ceterum
416 2759 491 2813 etiam
502 2759 704 2834 inhospitalitate
715 2781 786 2814 mee·
834 2757 867 2812 tle
877 2757 983 2814 «Iuliano
997 2771 1023 2812 et
1037 2761 1128 2814 Marco
1144 2759 1242 2814 Cesare
1259 2777 1267 2813 t
1286 2759 1348 2814 Alhi

274 2853 358 2888 sarum
381 2849 405 2890 et
423 2837 544 2908 epulandi
565 2837 679 2891 libertate
699 2837 786 2892 solitos
834 2837 912 2892 hoves
924 2839 1011 2894 Marco
1026 2837 1140 2908 casui,
1157 2841 1179 2894 si
1195 2852 1222 2894 tn
1233 2841 1325 2896 vicesis
1338 2879 1346 2908 ,

275 2911 398 2966 delatores
413 2915 545 2968 materians
566 2915 786 2970 critninationihus
835 2916 940 2984 (dixere
951 2921 960 2981 )
973 2938 1020 2972 nos
1033 2919 1162 2994 periimus.

273 2989 346 3044 vanis
355 2991 555 3064 quesivisse,e1
564 2992 708 3048 auctoribus
720 3014 786 3047 con·
869 2995 891 3048 5.
904 2993 999 3048 Servus
1017 2998 1065 3065 qni
1077 2997 1189 3050 canenti
1205 2995 1246 3048 ad
1263 2995 1349 3064 pedes

272 3080 337 3134 stat;
356 3081 381 3122 et
390 3070 518 3124 Martialis
533 3070 566 3124 atl
581 3090 680 3126 omnam
694 3092 786 3126 vocans
834 3083 947 3128 scetem.
960 3073 1002 3130 Ad
1015 3075 1112 3130 diversa
1124 3074 1265 3131 ministeria
1275 3093 1348 3128 exse-

273 3147 385 3218 amicos,
399 3147 483 3202 nullos
503 3149 625 3223 promittit
642 3151 721 3204 al'l'ore
741 3149 786 3222 qni
834 3151 1015 3222 quenda,v.e.
1026 3152 1059 3206 ad
1071 3151 1245 3227 lychnuchum
1254 3165 1348 3206 tenen-

273 3226 351 3281 verba
363 3239 387 3280 et
400 3240 475 3282 nutus
487 3228 676 3283 convivantium
690 3241 786 3282 notent.
835 3229 912 3297 dnm,
934 3229 968 3284 atl
987 3231 1056 3286 cibos
1074 3231 1227 3286 scindendos
1241 3245 1291 3284 ete.
1305 3231 1348 3286 Gi.

273 3303 330 3360 Lib.
348 3306 388 3371 X,
404 3306 484 3380 epigr.
505 3320 608 3374 mm,
626 3327 673 3362 vss.
693 3308 785 3374 ιι-ιζ.
834 3307 1347 3386 Senec.Episext.vtt‚4etPignorinstle

275 3381 319 3438 (ΣΙ.
331 3396 356 3436 et
370 3383 485 3437 Duaren.
499 3385 531 3439 atl
545 3383 630 3458 legem
644 3383 741 3438 Jnlism
753 3383 784 3438 dc
833 3387 911 3442 serris
923 3389 1023 3464 passim.

273 3461 401 3530 majestate
409 3501 418 3525 ‚
427 3482 448 3516 e·
461 3463 491 3530 43
504 3462 644 3534 iterumque
653 3463 782 3526 Nostrum,
865 3465 1077 3524 h-Drscrndents'.
1087 3471 1110 3522 Δ
1121 3469 1216 3543 palatio
1227 3472 1256 3525 in
1265 3471 1348 3545 puhli-

275 3558 329 3612 cap.
341 3539 464 3613 proximo.
833 3563 899 3599 cum.
908 3543 1159 3602 Descendesrautem
1168 3549 1346 3620 diruntnrjaut

307 3617 415 3670 xxvn.
428 3621 498 3672 Ano.
512 3619 626 3686 linium,
640 3619 724 3671 virum
736 3639 784 3670 or-
832 3618 911 3674 lihera
925 3621 1053 3693 republica
1068 3622 1224 3678 honestiores
1234 3627 1347 3699 (qnippe

273 3695 341 3750 dinis
350 3697 480 3760 senatorii,
489 3697 621 3766 quimulta
630 3697 782 3754 incessum
831 3699 860 3752 iu
872 3698 1001 3754 montibus
1013 3701 1161 3774 plerumque
1170 3701 1345 3772 habitantes),

273 3773 542 3848 effuderat,prnslentis
553 3775 617 3828 servi
628 3775 784 3828 incolumem
833 3795 912 3846 quum
923 3777 949 3830 in
960 3780 1057 3841 iorum,
1070 3777 1173 3832 Curiam
1181 3818 1191 3846 ,
1202 3780 1347 3856 Campum,

272 3855 366 3908 lactum
377 3854 422 3926 qui
432 3853 508 3908 suasit
518 3866 546 3906 ut
556 3853 609 3926 ipse
621 3873 646 3906 se
658 3853 781 3917 deferret,
832 3856 892 3910 item
906 3871 1005 3930 postea,
1021 3859 1061 3911 vel
1078 3879 1157 3930 quum
1175 3860 1202 3912 in
1213 3861 1346 3933 publicum

272 3944 427 3986 accusatores
438 3945 603 3986 antevertens.
831 3937 966 4012 prodeunt.
981 3937 1022 3992 Cl·
1040 3937 1187 3994 Bentleium
1206 3940 1239 3994 sd
1255 3941 1346 3995 Horat.

306 4007 329 4061 3.
343 4009 442 4080 Rosos,
455 4012 498 4062 vir
504 4012 622 4074 ordinis,
633 4021 679 4062 etc.
688 4010 725 4062 Es
733 4008 782 4064 hoc
830 4013 874 4068 llh.
888 4015 919 4079 l,
932 4016 1038 4090 Epistol.
1051 4033 1114 4086 xxv,
1125 4019 1258 4072 hemon
1271 4017 1346 4079 Clar,

272 4087 386 4158 exemplo
398 4087 430 4140 ah
445 4108 497 4142 uno
511 4087 608 4141 Seneca
621 4100 721 4144 nancto
733 4108 782 4163 ap·
833 4090 886 4144 Cic.
897 4091 923 4145 h.
937 4113 962 4142 v.

273 4177 361 4238 paret,
383 4164 499 4218 Tacitum
520 4165 614 4220 Annal.
629 4164 662 4232 l,
681 4187 715 4237 7²
734 4187 781 4222 nec
866 4191 887 4240 7.
905 4173 1015 4226 Malam
1030 4181 1148 4228 messim
1168 4175 1203 4229 Se
1223 4175 1345 4230 insanum

272 4239 338 4294 hanc
359 4240 459 4296 tlicentli
480 4241 607 4298 licentiam
629 4244 779 4311 exclusisse,
829 4248 1348 4324 luisse:opponitorhonamcns.Conlerl
