2884 4958
321 417 388 502 416
651 411 1062 486 DE'BENEFICIIS.

368 547 426 612 VI.
446 547 518 612 Hoc
532 557 599 610 tum
618 543 765 612 invisum
778 544 919 626 vitium,
941 569 986 613 an
1004 545 1209 639 impunitum
1227 569 1297 616 esse
1312 547 1367 617 tle-

317 664 397 731 beat
411 713 420 746 ,
440 663 605 753 quaeritur
623 688 632 728 :
651 677 686 728 et
699 685 743 728 an
757 663 831 728 haec
847 662 921 744 lex,
939 677 1016 754 quae
1031 664 1067 730 in
1081 664 1206 733 sobolis
1220 669 1229 700 ¹
1250 690 1365 735 exerce-
1418 714 1423 765 3

319 796 395 862 tur,
426 780 527 847 etiam
549 779 587 846 in
610 779 743 846 civitate
769 776 927 870 ponenda
954 781 1019 864 sit,
1047 804 1114 872 qua
1137 782 1261 875 ingrati
1284 783 1365 852 datur

317 896 425 979 actio,
441 919 517 986 quae
531 894 666 962 videtur
673 915 770 986 aequa
782 893 972 961 omnibus².
989 895 1122 990 Quidni
1133 898 1158 974 i,
1168 923 1270 991 quum
1280 899 1365 966 urbes
1424 961 1425 964 ,

318 1036 455 1105 quoque
470 1011 631 1092 urbibus,
649 1034 724 1101 quae
743 1010 954 1102 praestitere,
969 1012 1197 1105 exprobrent,
1215 1032 1249 1084 et
1261 1017 1293 1083 in
1308 1039 1365 1082 ma·
1420 1058 1424 1069 ·

313 1129 408 1220 jures
421 1127 541 1198 collata
554 1152 574 1194 a
588 1126 732 1220 posteris
748 1125 884 1217 exigant
897 1116 923 1192 ³.
944 1128 1056 1194 Nostri
1073 1130 1236 1222 majores,
1252 1132 1365 1198 maximi
1424 1121 1425 1204 ῗ

318 1241 448 1310 scilicet
460 1242 525 1308 viri
534 1233 562 1324 ⁴,
575 1240 619 1309 ab
633 1237 786 1307 hostibus
800 1253 931 1315 tuntum
947 1263 1002 1307 res
1012 1243 1225 1336 repetierunt
1236 1238 1248 1280 ⁵
1260 1266 1269 1310 τ
1281 1243 1367 1312 bene·

279 1377 294 1412 ²
319 1359 397 1426 ficia
416 1382 538 1452 magno
558 1358 671 1426 animo
698 1352 846 1437 dabant,
874 1379 997 1449 magno
1017 1357 1218 1450 perdebant.
1242 1364 1362 1452 Excepto

318 1469 521 1543 Medorum⁶
538 1487 639 1568 gente
652 1477 683 1554 ·⁷,
702 1484 837 1539 nonest
854 1470 890 1537 in
903 1471 974 1539 ullu
993 1472 1071 1542 datu
1087 1473 1249 1546 adversus
1266 1478 1360 1569 ingn-

320 1609 391 1661 tum
408 1583 518 1662 actio⁸
536 1617 544 1658 :
561 1611 789 1684 magttumque
801 1586 867 1654 boc
879 1608 1137 1681 argumentum,
1158 1591 1298 1662 dandam
1310 1617 1360 1660 non
1427 1587 1429 1648 ’ἒ

352 1834 397 1888 Vl.
408 1839 478 1888 Ano.
490 1835 576 1905 Usque
589 1831 623 1884 ad
635 1843 709 1903 eaput
724 1829 753 1882 18
767 1840 828 1880 trae·
877 1831 913 1881 ait
925 1847 933 1882 ε
944 1831 1112 1896 Moedonum,
1130 1835 1201 1888 uncle
1213 1855 1266 1888 nou
1277 1835 1365 1888 dubim
1428 1833 1429 1852 ³

320 1925 385 1965 tatur
405 1911 510 1982 qutestio
525 1950 532 1977 ,
550 1923 635 1962 utrum
655 1909 768 1983 ingratus
786 1925 828 1958 ac·
877 1907 1365 1985 babet,quinlegeudumeitzMedorom·

319 1989 400 2042 cusari
417 2001 442 2041 et
464 1987 550 2061 puniri
567 2007 601 2040 an
621 1985 760 2058 impunitus
776 2002 827 2036 esse
877 1985 1029 2040 Etsi‘omnes
1039 1989 1099 2042 libri
1110 1991 1184 2044 nobis
1195 1993 1289 2064 cogniti
1298 1991 1365 2045 obsti-

318 2066 416 2121 debeat.
431 2067 482 2120 Hic
493 2065 571 2118 solvit
584 2063 767 2136 qnoestiou'em,
784 2061 828 2112 sed
877 2065 1004 2119 notissime
1014 2068 1187 2122 Macedonum
1196 2084 1289 2136 teneat,
1297 2085 1365 2124 tanen

319 2146 411 2216 absque
421 2144 569 2216 probatione
579 2155 603 2195 et
613 2139 829 2214 argumentiqsit-
866 2142 943 2198 'banc
950 2146 1044 2199 Mureti
1050 2147 1253 2202 emendationem
1259 2150 1365 2202 intextum

318 2247 367 2296 que
380 2226 446 2279 bano
462 2225 562 2297 eulpam
581 2243 610 2276 ex
622 2241 710 2274 earum
722 2240 827 2273 numero
877 2222 985 2294 recipere
997 2223 1081 2277 debui.
1096 2224 1208 2293 Seneca,
1223 2227 1267 2299 qui
1276 2225 1365 2279 unade-

318 2325 371 2357 esse
392 2324 453 2375 quas
472 2303 552 2356 bomo
568 2301 626 2354 Diis
645 2299 767 2370 relinquit
783 2320 829 2370 pu·
876 2301 947 2354 eimae
965 2303 1096 2358 memoria
1110 2305 1172 2366 tuit,
1192 2324 1270 2356 unam
1284 2317 1365 2356 uatum

319 2380 481 2444 niendas,bis
491 2379 598 2432 interris
607 2394 828 2448 exosue‚nonsup-
876 2392 978 2450 gentem
986 2379 1086 2442 laudat,
1098 2401 1144 2434 nec
1153 2382 1284 2454 quisquam
1295 2393 1365 2454 prater

318 2460 395 2530 plicio
408 2472 493 2510 tamen
507 2455 630 2510 afficiens.
877 2455 984 2517 Medos,
997 2457 1013 2510 i.
1021 2478 1042 2510 e.
1056 2455 1153 2522 Persae,
1165 2457 1244 2511 alium
1253 2459 1364 2534 populun,

355 2558 374 2589 ι.
393 2537 429 2589 In
441 2537 544 2590 scholis.
562 2523 712 2587 llbetorum.
728 2533 827 2602 Nempe
877 2535 923 2603 qni
932 2535 1008 2588 telem
1018 2537 1143 2589 actionem
1153 2537 1231 2590 teitus
1242 2537 1366 2600 euenien-

320 2615 415 2666 Seneoa
427 2627 496 2687 pater
508 2613 650 2686 exemplum
662 2608 766 2663 actionis
779 2608 827 2660 in·
877 2613 953 2665 davit

319 2693 384 2764 grati
393 2691 500 2744 servavit
511 2691 539 2743 in
549 2691 710 2744 Controvere.
720 2687 765 2740 lib.
777 2689 824 2749 lv,
911 2711 933 2758 7.
947 2691 1069 2756 Excepta
1081 2694 1223 2746 Medorum
1234 2705 1317 2765 gente,
1329 2708 1364 2748 eto.

319 2771 379 2837 (tx)
392 2807 400 2834 ,
413 2791 434 2823 t.
875 2767 975 2820 Morem
988 2768 1056 2822 bunc
1068 2771 1210 2824 Medorum
1222 2773 1239 2825 i.
1253 2795 1274 2826 e.
1287 2777 1364 2826 Persa·

351 2867 374 2900 a.
384 2847 481 2918 Aliquo
493 2847 622 2900 omnebus.
639 2844 704 2912 Quae
721 2845 752 2896 acl
766 2863 826 2896 om-
874 2865 931 2898 rutn
942 2843 1029 2899 laudat
1038 2847 1184 2920 Xenopbon
1194 2849 1222 2902 iu
1232 2849 1363 2924 Cyropedia

318 2945 361 2978 nes
372 2927 484 3000 ingratos
495 2926 611 2979 similiter
623 2926 737 2998 pertinet.
874 2923 908 2988 V,
919 2943 942 2990 a,
951 2943 974 2988 7.
986 2943 1061 2995 quem
1071 2925 1156 2978 locum
1166 2925 1261 2998 alioqui
1268 2931 1320 2982 setis
1327 2950 1364 2981 no·

351 3003 374 3056 3.
389 3005 479 3075 Quum
491 3005 724 3072 urbest-exigunt.
736 3003 824 3056 Eaem·
873 3011 927 3052 tum
949 3001 1092 3072 suppeditat
1114 3004 1226 3058 Muretus
1244 3008 1301 3060 Vae.
1318 3008 1364 3060 leet

277 3137 284 3155 s
317 3081 360 3154 plo
379 3080 430 3133 sint
441 3080 627 3142 Athenienses,
646 3080 692 3149 qui
706 3098 744 3131 res
758 3080 824 3133 bello
874 3078 1275 3162 Xll,3p.338ed.Woll'.llalu
1285 3086 1362 3138 Saron.

317 3159 421 3214 Medico
437 3179 451 3211 a
467 3178 493 3211 se
510 3171 590 3231 gestas
609 3171 821 3222 commemorant,
877 3158 1361 3228 tpqmmmian.Mareellinxblllfiu.
1428 3193 1429 3226 q

317 3237 407 3308 quibus
420 3258 445 3290 se
458 3258 497 3291 res
512 3237 659 3290 Graerorum
672 3250 697 3289 et
708 3237 824 3290 lecedae·
873 3231 974 3306 aliique.
988 3235 1065 3289 Nulla
1077 3252 1159 3291 autem
1171 3239 1221 3292 alia
1232 3259 1289 3313 gens
1300 3240 1361 3291 totius
1428 3243 1429 3266 ³

316 3316 461 3368 monim-um
491 3315 626 3368 servavisse
652 3326 823 3366 monstrant:
873 3313 1035 3384 Antiquitatis
1050 3313 1097 3368 bac
1114 3317 1233 3370 adversae
1249 3317 1360 3390 ingratum
1428 3303 1429 3326 ¹

316 3394 480 3464 quamobrem
492 3392 611 3446 auxilium
624 3411 711 3445 eorum
720 3410 746 3443 se
757 3390 824 3464 peti·
872 3390 970 3443 actione
984 3392 1092 3464 insignis
1106 3406 1150 3446 eet.
1169 3397 1223 3448 Nee
1238 3395 1361 3467 exemplum
1428 3383 1429 3392 .

316 3483 369 3521 tum
395 3471 492 3523 venisse
512 3469 728 3524 Lacedaemonem.
746 3469 821 3522 Gonl.
871 3487 970 3542 poenae,
995 3490 1045 3542 qua
1067 3470 1198 3546 Philippus
1220 3472 1361 3526 Macedoniae

316 3549 397 3601 Tbuc.
409 3551 418 3600 1
432 3586 439 3614 ,
452 3547 484 3614 73
494 3569 531 3621 sq.
871 3567 913 3599 rex
924 3553 932 3612 (
942 3548 1008 3600 inlrs
1016 3550 1063 3610 IV,
1073 3549 1102 3613 37
1112 3547 1124 3616 )
1135 3550 1241 3603 militem
1248 3551 1359 3624 ingratum

348 3628 373 3691 4.
387 3627 509 3680 Moe-imi
517 3629 611 3680 scilicet
620 3631 679 3680 oiri.
689 3625 822 3679 (ient-sus·
871 3627 968 3692 affecit,
981 3627 1085 3699 probare
1099 3639 1195 3699 potest,
1207 3629 1279 3682 talem
1290 3627 1359 3681 aetio-

316 3707 423 3780 picatur,
435 3707 478 3759 bae
488 3725 561 3759 voees
572 3706 603 3759 ab
613 3705 761 3759 amanuensi
771 3725 823 3758 osse
871 3705 1004 3777 nemaputl
1015 3705 1167 3758 Macedones
1177 3709 1204 3760 in
1214 3729 1259 3760 usu
1267 3708 1340 3760 fuisse.
1428 3747 1429 3758 .

314 3787 442 3856 prolectas.
904 3784 1024 3846 8.Actio‚
1039 3795 1067 3834 ut
1081 3783 1216 3857 jurisperiti
1231 3786 1315 3848 aiunt,
1328 3783 1360 3852 jus
1428 3789 1429 3798 ¹

347 3868 362 3917 5
382 3865 437 3916 lies
448 3865 598 3932 repetierunt
608 3862 725 3914 emendat
735 3861 822 3914 Mure·
872 3858 982 3931 aliquem
1001 3880 1071 3913 reum
1090 3863 1199 3935 agendi,
1220 3877 1244 3915 et
1260 3859 1360 3916 trabemli

315 3954 362 3993 tus.
374 3943 515 3994 Anteazoee
525 3960 576 4010 rep.
589 3941 707 3992 Erasmus
719 3938 820 3991 omisit:
869 3949 926 3989 ante
947 3937 1058 3991 tribuual
1077 3952 1101 3991 et
1119 3939 1266 3994 vindicandi
1285 3941 1310 3992 iu
1329 3938 1361 3990 li-

314 4037 394 4073 oes.....
869 4014 1004 4079 bertetom,
1021 4017 1049 4068 in
1064 4017 1182 4082 vineola,
1200 4019 1227 4070 in
1245 4017 1361 4071 restituen-

347 4095 373 4147 6.
383 4095 532 4148 Medorum.
545 4095 660 4146 Muretus
672 4095 730 4146 Ver.
743 4095 820 4146 Lectt.
869 4093 913 4146 das
928 4095 1063 4168 pecunias,
1081 4107 1126 4147 ete.
1143 4096 1228 4148 Nullo
1241 4097 1302 4148 doto
1314 4095 1360 4144 od-

315 4174 380 4238 llll,
395 4173 410 4224 3
424 4173 450 4224 in
462 4172 539 4224 veteri
552 4173 638 4224 codiee
655 4172 780 4224 invenisse
794 4192 819 4224 se
869 4191 956 4225 versus
982 4177 1114 4242 ingratum
1139 4178 1207 4228 actio
1230 4193 1286 4249 ergo
1306 4184 1358 4224 est:
