2952 4938
392 425 488 494 LIB.
517 424 614 509 vlt,
641 424 750 492 ctu.
779 424 868 489 Vll.
1101 425 1167 522 ⁶57

87 559 193 652 tigit,
210 551 309 623 modo
322 555 505 622 neminem.
527 552 644 645 Quum
659 576 775 622 omues
790 553 832 621 de
850 555 948 621 saxo¹
975 550 1169 647 dejecturus

90 689 168 756 est,
188 670 272 739 dicit
289 695 296 735 :
313 668 482 761 Quisquis
495 666 532 734 id
546 667 638 760 quod
652 667 793 737 deorum
808 684 878 755 est,
895 667 1032 737 sustulit
1044 686 1079 738 ot
1091 695 1170 742 cou-

88 789 251 882 sumpsit,
264 800 366 878 atque
380 785 417 851 in
426 808 524 852 usum
535 808 631 852 suum
643 787 759 871 vertit,
772 785 958 878 sacrilegus
972 803 1023 853 est
1036 812 1044 852 :
1056 789 1169 856 omnia

89 921 209 973 autem
228 899 369 972 deorum
394 915 473 968 sunt
492 926 499 966 :
522 898 614 992 quod
628 900 773 992 quisque
796 924 878 993 ergo
897 898 1005 982 tollit,
1028 900 1168 970 deorum

90 1021 202 1104 tollit,
222 1041 366 1110 quorum
384 1017 497 1084 omnia
511 1033 589 1084 sunt
606 1042 614 1081 :
631 1039 714 1110 ergo
731 1017 886 1109 quisquis
908 1015 997 1084 tollit
1013 1018 1164 1110 aliquid,
1195 1049 1209 1080 ι

86 1135 283 1228 sacrilegus
298 1147 361 1202 est.
380 1130 512 1200 Deinde
523 1156 635 1224 ¹quum
654 1131 790 1224 effringi
808 1131 953 1225 templa,
973 1148 1008 1201 et
1025 1132 1167 1236 expilari

90 1254 235 1344 impune
258 1248 481 1342 Capitolium²
500 1247 625 1341 jubet,
648 1246 733 1316 dicit
757 1274 765 1314 :
791 1247 929 1317 Nullum
951 1250 1168 1342 sacrilegium

90 1391 193 1452 esse3
212 1366 293 1458 quia
307 1362 478 1458 quidquid
491 1362 661 1431 sublatum
679 1378 730 1432 est
748 1387 789 1431 ex
802 1388 843 1432 eo
864 1364 937 1432 loco
950 1367 1010 1457 qui
1026 1366 1168 1435 deorum

96 1500 194 1566 erat,
211 1483 247 1550 iu
260 1507 339 1551 eum
357 1481 560 1550 transfertur
573 1479 708 1563 locum,
726 1482 786 1572 qui
797 1477 937 1549 deorum
950 1499 1014 1550 est.
1030 1485 1094 1552 Hic
1117 1509 1171 1554 re·

96 1597 310 1693 spondetur:
327 1593 450 1667 Omnia
465 1594 606 1688 quidem
624 1593 766 1662 deorum
783 1619 875 1678 esse,
892 1595 1036 1665 sednon
1057 1600 1183 1670 omnia·
1203 1661 1205 1665 .

93 1714 164 1785 diis
180 1713 303 1782 dicata.
319 1713 360 1780 In
374 1711 430 1780 his
442 1710 615 1780 observari
629 1711 863 1804 sacrilegium,
880 1735 955 1804 quae
971 1714 1093 1808 religio
1105 1741 1170 1786 nu.

93 1831 180 1898 mini
193 1828 386 1921 adscripsit.
404 1828 460 1896 Sic
474 1843 510 1894 et
524 1842 629 1895 totum
648 1819 830 1894 muudum³
857 1827 997 1898 deorum
1018 1853 1090 1900 esse
1104 1832 1170 1900 im·
1193 1841 1208 1894 3

93 1945 288 2016 mortalium
305 1943 489 2038 templum,
512 1944 620 2013 solum
642 1942 780 2035 quidem
797 1945 1021 2038 amplitudine
1034 1946 1170 2016 illorum

92 2083 136 2127 ac
153 2057 404 2151 magnificentia
418 2055 560 2150 dignum
578 2081 586 2121 :
607 2070 641 2124 et
655 2072 800 2125 tamena
817 2058 921 2126 sacris
935 2058 1078 2151 profana
1099 2057 1169 2128 dis·

94 2175 213 2256 ocrni,
231 2187 265 2241 et
277 2197 345 2242 nou
360 2173 473 2240 omnia
485 2172 589 2240 licere
603 2172 640 2238 in
656 2172 804 2264 angulo,
820 2174 875 2240 cui
889 2196 1014 2242 nomen
1028 2174 1097 2242 sani
1108 2175 1169 2243 im·

94 2288 245 2380 positum
259 2301 327 2369 est,
344 2310 420 2379 quae
436 2285 500 2354 sub
520 2279 601 2354 caelo
623 2300 657 2352 et
672 2301 855 2378 conspectu
879 2286 1029 2355 siderum
1048 2288 1165 2358 licent.

95 2403 261 2494 Injuriam
273 2402 460 2495 sacrilegus
473 2403 546 2472 Deo
559 2400 697 2494 quidem
708 2427 777 2470 non
789 2419 900 2496 potest
912 2403 1023 2472 facere
1041 2431 1049 2470 ε
1065 2429 1166 2497 quom

94 2531 191 2584 extra
204 2515 307 2583 ictum
322 2539 382 2583 sua
396 2515 556 2584 divinitas
568 2514 680 2608 posuit
696 2515 780 2583 :scd
791 2511 969 2610 punitur⁴,
995 2518 1075 2609 quia
1089 2533 1166 2586 tan-

94 2657 198 2725 quam
208 2633 281 2703 Deo
294 2631 387 2700 lecit.
400 2631 528 2724 Opinio
537 2632 756 2702 illumuostra
766 2657 806 2702 ac
817 2657 877 2702 sua
886 2632 1015 2726 obligat
1027 2627 1162 2728 ‘porus
1190 2641 1207 2706 4

94 2867 152 2901 nee.
166 2849 197 2902 de
217 2849 310 2922 Trauq.
324 2849 410 2904 Anim.
422 2870 443 2902 c.
455 2849 487 2913 8,
499 2870 527 2915 a,
540 2849 607 2922 Opp.
657 2849 735 2902 libere
756 2851 881 2903 transtulit
896 2851 973 2904 verba
995 2851 1102 2920 Bionis,
1120 2856 1165 2925 qui

94 2929 157 2982 Vol.
166 2930 194 2992 Ι,
205 2949 229 3002 p.
240 2928 295 3000 3¹9·
306 2927 391 2979 Addas
400 2925 534 2992 Bruclcr,
545 2939 607 2978 torn.
656 2929 807 2982 hauddubie
817 2929 847 2982 de
855 2929 974 3004 Aeropoli
983 2933 1102 3002 quadam,
1112 2935 1165 2985 lor-

93 3011 165 3081 l,p.
178 3005 226 3076 607
239 3026 276 3077 sq.
293 3005 399 3058 Dictum
416 3002 465 3056 boc
483 3003 607 3055 Bionisa
657 3019 720 3057 tasse
737 3006 913 3071 Athenarum,
937 3007 1054 3078 loquutus
1075 3012 1164 3062 suerat.

94 3084 198 3138 neruine
206 3095 335 3147 veterum,
350 3094 472 3153 quantum
481 3081 607 3145 scio,me·
658 3081 780 3136 Caeterum
791 3083 921 3136 Theodori
934 3083 1001 3138 athei
1012 3085 1163 3160 discipulum

96 3175 224 3218 moratum
238 3162 324 3215 inveni
337 3165 512 3232 ,quanquamj
523 3159 607 3233 Baylii
655 3159 682 3212 in
693 3158 732 3212 liis
742 3159 850 3212 Bionem
860 3159 933 3213 facile
944 3182 1072 3234 agnoscas.

93 3241 235 3295 Disthist.
250 3239 342 3292 eterit.
361 3239 434 3302 to.l,
448 3260 472 3313 p.
492 3237 540 3292 568
554 3252 607 3291 not.
688 3238 712 3293 3.
733 3237 777 3291 St'c
797 3249 922 3292 ettotam
941 3244 1092 3309 mundum,
1116 3258 1162 3298 etc.

93 3321 119 3370 J.
136 3319 181 3371 ubi
197 3318 273 3390 hujus
285 3317 335 3370 loci
354 3317 489 3380 meminit,
506 3317 607 3370 monitu
655 3317 725 3368 Beue
738 3335 795 3368 eum
807 3317 902 3369 Seneca
915 3319 1030 3370 refutavit
1041 3338 1047 3372 :
1058 3341 1114 3391 quae
1127 3335 1163 3375 est

94 3397 203 3451 alacrior
223 3398 300 3448 lactus
321 3393 423 3448 horulas
438 3395 605 3468 impenderim
655 3393 1162 3470 quoqueBayliisententiaJnreipubllcae

93 3474 234 3546 quaerendo
245 3487 269 3525 et
280 3473 433 3526 excutiendis
451 3472 606 3525 adversariis.
655 3473 724 3544 leges
743 3485 842 3546 peccat,
855 3486 977 3543 quatenus
993 3473 1048 3528 ltaec
1061 3495 1074 3526 a
1086 3479 1163 3530 sacri-

95 3553 172 3624 Saepe
183 3549 272 3602 Bionis
282 3549 348 3601 dicta
361 3549 511 3610 laudantur,
526 3549 606 3620 equi·
655 3548 711 3622 lego
729 3560 856 3622 surrepta,
876 3562 946 3601 eraut
963 3550 1022 3604 Deo
1043 3553 1123 3606 dicata
1135 3568 1164 3608 ut

94 3631 145 3682 bus
157 3628 233 3700 Diog.
245 3629 324 3680 laert.
335 3627 381 3693 lV,
396 3627 471 3698 diisq.
482 3625 605 3680 nonnulla
655 3625 755 3698 propria
773 3645 820 3677 nec
841 3625 898 3678 ideo
923 3647 938 3678 a
958 3647 1086 3698 quoquam
1102 3643 1163 3684 tan-

95 3705 201 3758 eollecta
212 3703 288 3757 dedit.
299 3705 388 3757 Horat.
400 3703 463 3777 Epp.
471 3705 496 3756 ll
507 3741 515 3770 ,
527 3725 552 3766 a,
561 3703 604 3768 fio,
654 3701 745 3774 genda.

95 3784 189 3836 Bionis
198 3801 324 3834 sermones
334 3780 433 3846 laudat,
444 3803 507 3853 quos
519 3781 604 3836 Schol.
688 3781 711 3844 4.
725 3779 902 3847 Sedpunitur.
911 3779 952 3833 Sic
966 3779 1061 3835 babent
1076 3804 1164 3840 omues

97 3862 130 3913 de
139 3847 253 3933 satyricis
266 3859 337 3911 libris
352 3859 481 3912 intellexit.
654 3856 716 3909 boni
728 3857 801 3910 codd.
818 3857 908 3928 quihus
925 3871 1012 3914 tomen
1030 3863 1097 3916 abest
1110 3877 1165 3940 post

133 3959 155 3992 t.
167 3941 210 3993 Dr
220 3958 299 3992 saxo.
313 3939 421 4012 Tarpeio
434 3958 539 4013 nempe,
557 3961 606 3992 ro·
654 3937 709 3989 sed.

96 4036 174 4070 mano
194 4018 263 4078 ritu,
288 4035 346 4069 uam
366 4017 392 4068 id
410 4017 559 4090 supplicium
579 4016 606 4067 in
688 4017 711 4067 ⁵.
727 4015 822 4085 Opinio
832 4017 953 4069 illum....·
964 4017 1064 4087 obligat
1072 4038 1165 4088 poenoe.

95 4097 198 4170 maguis
209 4095 344 4150 sceleribus
355 4093 528 4166 usurpabatur.
655 4091 741 4144 Deum
756 4091 799 4144 ille
815 4113 869 4145 nou
884 4093 947 4147 lasit
956 4095 1076 4164 quidem,
1089 4118 1166 4169 quem

131 4193 155 4228 a·
163 4174 293 4242 Eaept'lori
294 4211 334 4227 .....
337 4171 502 4240 Capitolium.
511 4171 606 4226 Seneca
657 4189 701 4222 sua
708 4189 780 4244 supra
792 4170 896 4244 injurias
907 4190 995 4226 omncs
1005 4173 1111 4229 altitudo
1121 4198 1166 4250 po·

227 4269 272 4337 Il.
974 4267 1018 4352 da
