2966 4948
280 453 346 544 294
422 451 491 519 DE
523 451 729 556 MORTE¹
756 455 982 524 CLAUDII
1015 458 1199 529 LUDUS.

281 579 319 640 25
360 576 417 640 Ille
431 578 615 642 Britannos¹
661 601 665 632 ¹
915 583 996 647 Toto
1010 587 1076 650 lites

360 683 449 746 Ultra
462 687 526 746 noti
914 689 1028 754 Audiet
1041 693 1144 754 auno?

360 785 464 874 Litora
479 793 580 874 ponti,
914 793 986 856 Tibi
998 797 1061 878 jum
1075 799 1161 858 cedet

363 889 405 952 Et
419 895 563 956 caeruleos
915 895 993 961 Sede
1009 900 1136 979 relicta,

362 997 451 1061 Scuta
467 999 649 1080 Brigantus¹
915 1003 978 1086 Qui
992 1008 1043 1068 dat
1055 1008 1168 1090 populo

228 1159 231 1164 .
283 1105 321 1166 30
362 1102 446 1166 Dare
460 1105 619 1169 Romuleis
913 1108 992 1171 Jura
1007 1110 1123 1188 silenti,

362 1209 451 1273 Colla
466 1214 578 1274 catenis
916 1213 1031 1279 Cretaeu
1049 1231 1152 1280 tenens

361 1314 478 1393 Jussit,
495 1332 526 1378 et
536 1319 635 1402 ipsum
915 1320 1036 1406 Oppida
1051 1337 1180 1386 centurn.

362 1417 451 1479 Nova
469 1417 615 1480 Romanae
915 1423 1026 1489 Caedite
1043 1428 1158 1490 moestis

358 1523 436 1584 Juru
447 1525 559 1585 securis
570 1521 582 1562 ³
916 1527 1043 1594 Pectora
1058 1533 1189 1615 palmis,

284 1632 323 1692 35
363 1629 510 1691 Tremere
520 1625 701 1698 Oceanum..
917 1631 949 1696 Ο
962 1637 1121 1714 causidici,

365 1739 483 1802 Deflete
500 1741 618 1816 virum,
917 1738 1035 1801 Venaie
1050 1761 1152 1822 genus.

364 1843 435 1925 Quo
446 1864 508 1904 non
522 1843 598 1904 alius
917 1843 1042 1925 Vosque
1060 1842 1182 1920 Poetae,

365 1949 467 2012 Potuit
482 1949 568 2012 citius
584 2011 586 2016 ,
919 1944 1032 2032 [augete
1046 1951 1137 2019 novi;

365 2057 492 2120 Discere
505 2077 627 2134 causas,
919 2055 1042 2138 Vosque
1059 2058 1089 2118 in
1103 2059 1210 2142 primis

193 2185 199 2198 ·
285 2167 324 2238 4ο
365 2163 435 2225 Una
448 2177 563 2224 tantum
919 2159 981 2241 Qui
996 2182 1140 2224 concusso

367 2267 456 2332 Parte
473 2270 591 2345 audita,
921 2265 1034 2352 Magna
1048 2270 1175 2351 parastis

367 2375 452 2459 Soepe
465 2391 495 2438 et
507 2390 613 2439 neutra
626 2377 648 2435 ⁴.
922 2369 1018 2434 Lucra
1033 2372 1138 2434 fritillo
1151 2371 1172 2432 ⁵.

368 2480 446 2560 Quis
460 2501 539 2544 nunc
553 2482 640 2560 judex

322 2653 342 2685 ι.
353 2633 503 2687 Britannos.
521 2635 595 2687 Tunc
608 2632 790 2686 tumultuantes
840 2643 882 2684 aut
891 2631 1105 2704 Scotobrigautas‚
1115 2633 1199 2686 nullus
1207 2631 1345 2685 mirabitur.

289 2713 321 2764 ob
333 2732 386 2765 nou
397 2712 507 2766 redditos
521 2713 663 2784 transfugas
676 2709 791 2774 (Sueten.
840 2711 908 2762 Nam
916 2711 984 2778 apurl
997 2711 1125 2762 Romanos
1136 2709 1238 2764 ceruici
1246 2728 1346 2780 semper

290 2789 408 2843 Cicuric.
428 2810 465 2854 ¹7·
477 2789 529 2841 Dio
536 2789 603 2840 Cass.
613 2787 669 2854 LX,
682 2787 794 2854 nr.)sub-
841 2788 965 2840 nominati
981 2799 1039 2839 sunt
1058 2787 1164 2840 Barbari
1183 2786 1216 2841 ob
1235 2787 1346 2840 colorem

289 2867 341 2938 egit
348 2884 355 2918 2
363 2865 498 2919 Suetonius
508 2878 602 2928 tumen,
611 2865 666 2916 sine
674 2865 727 2916 utto
735 2885 794 2938 prae·
840 2865 980 2918 oculorum.
987 2865 1208 2936 Hoesspodttvt,
1216 2885 1255 2934 ιγ
1263 2865 1343 2918 ιαΝοε

286 2946 324 3000 lio
337 2960 379 2998 aut
388 2945 512 3020 sanguine
524 2983 531 3010 ,
544 2945 593 3007 ait,
603 2944 669 2998 intra
679 2945 793 3017 paucissi·
840 2943 1001 2996 seracmrulea
1008 2943 1106 2995 domuit
1112 2943 1249 3000 Germania
1256 2942 1345 3015 pube.»

288 3044 343 3076 mos
358 3024 412 3078 dies
429 3035 526 3098 partem
542 3020 631 3074 insulse
646 3022 675 3072 iu
689 3021 792 3074 deditio·
873 3019 896 3070 3.
909 3019 1080 3073 Romanus..
1093 3026 1195 3073 securis.
1204 3023 1225 3072 l.
1239 3033 1346 3094 potesta·

288 3121 347 3152 nem
357 3099 477 3172 recepisse
488 3118 495 3161 ;
505 3098 557 3149 Dio
568 3110 649 3149 autem
662 3098 748 3170 prseiio
760 3099 792 3152 ab
840 3095 878 3150 tis.
891 3095 1024 3168 Brigantas
1035 3109 1116 3148 autem
1125 3109 1150 3149 et
1157 3097 1217 3150 alias
1226 3111 1250 3150 et
1260 3097 1288 3148 in
1298 3097 1346 3149 hoc

288 3200 318 3231 eo
330 3181 397 3230 fusos
410 3197 460 3230 esse
471 3177 613 3230 Britannos.
623 3177 654 3228 cf.
667 3176 748 3251 lntpp.
759 3177 792 3230 ad
839 3173 950 3227 tumultu
961 3173 1020 3226 satis
1030 3175 1138 3228 famosos
1147 3175 1223 3228 fuisse
1234 3189 1345 3228 constat:

288 3257 368 3307 Dion.
381 3254 426 3307 1.1.
839 3269 898 3303 nem
923 3251 1011 3324 regina
1037 3270 1126 3304 eurum
1153 3243 1347 3306 Cartimtanciua

322 3351 344 3382 a.
352 3330 432 3383 Scuta
437 3329 791 3401 BrigProeseroProbabilius
838 3329 999 3382 Cunctacum
1008 3330 1132 3382 Romanis
1142 3329 1255 3382 tradidit.
1260 3329 1347 3383 Tacit.

288 3407 434 3460 estWallioe
441 3427 518 3478 quam
526 3407 618 3463 Scotie
626 3409 721 3462 incolas
734 3429 791 3462 eum
841 3405 938 3460 Annei.
950 3407 1011 3472 ΧΠ,
1023 3405 1066 3473 36,
1082 3405 1139 3459 coll.
1152 3427 1206 3481 esp·
1217 3408 1258 3462 δι.
1269 3408 1347 3461 luco-

288 3484 395 3538 Claudio
424 3503 554 3556 pugnasse.
580 3484 791 3556 Scotohrr'gautus
841 3483 1056 3536 lebaotValisiam
1073 3483 1200 3550 (Weiss).

288 3561 382 3633 scalig.
390 3573 414 3612 et
420 3561 568 3614 Buchanan.
580 3563 714 3616 emendant
722 3582 729 3615 :
737 3583 792 3636 pro·
873 3561 896 3625 4.
907 3559 968 3612 Una
980 3564 1266 3630 consummandae
1275 3581 1347 3632 soepe

287 3639 330 3692 bat
339 3639 442 3692 fluetus.
453 3639 546 3704 Junius
555 3640 655 3694 emend.
665 3652 721 3694 cute
732 3640 792 3693 Bu·-
839 3646 865 3689 εἰ
878 3647 978 3688 murra.
991 3637 1101 3708 Respicit
1114 3639 1146 3690 ad
1161 3638 1264 3691 Claudii
1283 3639 1347 3691 stul-

284 3729 392 3788 guntas‚
412 3716 532 3790 probante
547 3718 686 3790 Sonntegio
702 3733 708 3768 :
723 3717 791 3770 coio-
840 3727 890 3765 tam
902 3715 1057 3784 iniquitatem
1067 3714 1210 3768 damnantis
1217 3735 1282 3790 stepe
1291 3737 1347 3770 reus

286 3792 512 3845 resseautemiuteo
520 3793 712 3868 sglnstoeotem
720 3813 792 3845 suam
840 3791 934 3845 indicta
944 3813 1034 3854 causa,
1049 3794 1110 3846 dum
1121 3795 1221 3866 justitie
1233 3795 1347 3848 studium

287 3879 385 3922 constat
399 3890 412 3920 e
426 3869 499 3922 Julio
513 3870 619 3924 Cessare.
632 3870 792 3924 Fromondus
840 3872 939 3922 affectat
958 3871 1104 3942 cultumque
1125 3872 1260 3945 profitetur.
1285 3873 1346 3926 vit.

287 3961 372 4000 tamen
381 3947 508 4018 vulgatam
522 3960 587 4000 recte
600 3948 719 3999 defendit.
733 3947 792 3999 Bri-
838 3967 903 4019 supr.
914 3948 968 3999 init.
980 3947 1024 4000 lib.

288 4037 373 4099 gantes
392 4038 570 4077 commemorat
593 4044 693 4095 quoque
712 4023 790 4078 Tacit
872 4027 895 4076 5.
909 4025 1075 4078 concusso.....
1079 4025 1189 4092 fritillo.
1204 4027 1302 4080 Rursus
1314 4031 1346 4082 ad

263 4091 792 4165 ⁴snm1.xn,32.-Cetemme..sem
840 4102 1347 4174 ‚matum«vestetegtsunttaefflom.

286 4183 390 4234 soienne
406 4185 528 4236 coeruleos
546 4201 603 4235 cum
617 4179 648 4252 ru}
659 4180 793 4254 Brigantas
841 4181 923 4234 Carm.
935 4180 979 4233 lib.
989 4181 1028 4234 lli
1040 4219 1047 4244 ,
1058 4180 1108 4232 Od.
1121 4185 1204 4247 xxrr.)
1216 4203 1228 4228 ιι
1241 4183 1346 4256 respicit.
