2976 4950
374 455 473 524 nm.
499 457 559 541 11,
585 456 695 523 cnr.
720 455 852 523 nvn.
1090 463 1155 554 37⁵

76 593 134 658 ria
148 600 158 638 ¹
180 605 238 659 tuo
255 587 362 656 urbes
376 586 445 657 sint
464 611 473 652 ε
491 607 575 678 quas
593 602 720 676 quanto
735 587 871 684 majoris
887 587 992 656 enimi
1010 589 1075 658 init
1089 615 1158 660 non

78 729 230 802 capere,
249 729 351 798 quam
366 697 572 798 spargere²l
592 716 766 772 esttamen
778 702 902 795 aliquis
916 706 1039 790 minor,
1056 732 1158 800 wem

80 837 123 888 ut
139 821 177 886 in
195 821 272 886 sinu
288 816 363 909 ejus
382 813 561 884 condenda
577 815 622 885 sit
634 815 753 884 eivites
764 809 791 882 ³.

134 938 248 1006 XVII.
276 935 330 1003 hb
345 926 539 1026 Antigono⁴
564 923 736 1023 Cynicus⁵
752 932 850 1024 petiit
865 929 1066 1006 talentum⁶.
1089 941 1160 1006 ue-

84 1051 242 1144 spondit,
260 1051 336 1143 plus
354 1073 448 1130 esse,
470 1071 572 1139 quem
591 1047 685 1138 quod
698 1049 846 1140 Cynicus
864 1065 982 1142 petere
1001 1053 1156 1121 deberet.

85 1167 257 1260 Repulsus
276 1167 362 1258 petit
381 1163 587 1251 denariuml.
605 1163 805 1256 Respondit,
826 1166 938 1234 minus
956 1191 1041 1248 esse,
1059 1193 1160 1261 qoam

87 1283 181 1375 quod
203 1306 320 1376 regem
338 1282 476 1356 deseret
499 1278 591 1348 dere.
618 1281 829 1371 Turpissima
848 1296 899 1348 est
917 1282 1079 1374 ejusmodi
1099 1309 1162 1354 ca·-
1209 1305 1214 1317 ·

87 1398 230 1468 villatio.
248 1399 384 1466 Invenit
399 1395 568 1488 quomodo
586 1411 745 1464 neutrum
764 1395 860 1464 daret
873 1426 883 1483 ς
896 1399 940 1464 in
954 1398 1094 1467 denario
1107 1422 1162 1466 re-

89 1537 189 1606 gem,
203 1516 239 1580 in
261 1512 384 1581 talento
395 1513 561 1603 Cynicum
575 1512 725 1603 respexit
740 1538 747 1578 :
765 1537 871 1605 quum
882 1530 995 1606 posset
1010 1529 1044 1581 et
1059 1513 1163 1582 dena-

88 1631 182 1696 rium
202 1644 361 1720 tanquam
375 1629 504 1720 Cynico
519 1625 619 1710 dare,
635 1642 670 1694 et
682 1627 844 1696 talentum
857 1644 1017 1720 tanquam
1034 1653 1106 1697 rex.
1119 1631 1165 1696 Ut

91 1749 136 1812 sit
148 1745 281 1837 aliquid
298 1745 427 1838 majus,
439 1768 540 1836 qnam
554 1744 650 1835 quod
665 1746 814 1837 Cynicus
829 1747 989 1839 accipian
1000 1745 1164 1834 nihiltam

91 1863 256 1956 exiguum
270 1877 332 1942 est,
351 1860 445 1951 quod
461 1883 532 1928 non
548 1859 692 1928 honeste
709 1861 801 1954 regis
814 1861 1005 1929 humanitas
1022 1861 1161 1928 tribuat.

93 2085 185 2137 Horat.
197 2083 250 2136 Lib.
260 2085 289 2148 l,
303 2083 354 2134 Sat.
364 2097 374 2134 1
386 2082 431 2135 fin.
444 2101 450 2134 t
464 2104 478 2130 e
489 2083 551 2134 Non
560 2101 608 2154 ego
656 2083 727 2155 quod
743 2083 853 2156 precanti
872 2083 1007 2156 Thrasyllo
1028 2102 1075 2134 nee
1093 2081 1167 2134 dena·

93 2183 198 2215 avarum
211 2161 298 2229 Quum
309 2173 365 2212 veto
378 2174 401 2213 te
413 2158 468 2212 fieri
481 2198 487 2224 ‚
502 2178 608 2236 vappam
656 2162 722 2215 rium
733 2201 740 2224 ‚
752 2182 800 2216 nec
810 2162 932 2216 talentum
942 2162 1048 2225 dederit,
1060 2161 1109 2214 hoc
1120 2159 1168 2230 Cy·

92 2239 185 2314 jubeo,
200 2251 243 2290 aut
253 2237 416 2290 nebulonem.
431 2237 475 2288 Est
489 2235 554 2288 inter
564 2237 611 2288 Ta·
655 2241 727 2307 uico,
737 2240 787 2293 hoe
799 2260 858 2314 rege
869 2242 1007 2314 indiguum
1018 2241 1168 2310 praedicans.

93 2317 165 2369 naim
185 2317 316 2388 quiddam,
331 2333 496 2384 socerumque
509 2311 609 2364 Viselli.
658 2319 758 2391 Repetit
778 2309 870 2373 deinde
889 2320 1045 2394 inemptum,
1069 2327 1170 2392 etpost

95 2395 140 2446 Est
150 2393 241 2444 modus
251 2393 278 2444 iu
287 2391 360 2444 rebus
374 2429 381 2456 ,
393 2405 452 2443 sunt
464 2389 524 2442 certi
534 2389 608 2442 deui—
657 2395 869 2467 comparationem
883 2415 896 2447 a
911 2396 961 2465 pila
980 2407 1103 2466 sumptam
1114 2414 1168 2466 per.

96 2492 145 2542 que
158 2468 308 2536 lines,Quos
320 2469 385 2521 ultra
396 2471 507 2538 citraque
521 2467 611 2537 nequit
656 2491 776 2524 sonarum
782 2472 931 2528 servandam
939 2492 991 2526 esse
997 2473 1119 2524 rationem
1127 2471 1169 2523 ait.

97 2546 232 2599 0⁰¹1³i³²⁸r0
244 2558 347 2598 fecium·
361 2566 375 2590 ”
418 2575 426 2588 ·
690 2548 716 2612 4.
729 2550 775 2602 Ab
792 2551 930 2618 Antigono.
949 2549 1000 2600 ilie
1013 2546 1170 2619 significatur

134 2647 155 2678 ¹·
165 2623 304 2692 ὣῆὸίὰῑῖα
312 2621 409 2694 proprie
417 2621 536 2673 difflulur
544 2617 611 2693 prin·
660 2627 806 2696 Antigonus
817 2626 911 2698 primus
929 2625 1068 2678 Alexandri
1081 2622 1171 2695 Magni

98 2703 183 2778 cipum
190 2702 258 2753 dona
267 2699 366 2774 publice
378 2698 446 2772 plebi
456 2698 521 2751 data.
535 2697 611 2749 cont.
659 2701 754 2754 amicus
765 2715 788 2755 et
795 2702 891 2772 legatus
902 2739 910 2766 ‚
920 2703 964 2773 qui
974 2715 1029 2774 P⁰⁵l
1041 2701 1093 2773 eju,
1102 2721 1171 2753 mor.

98 2779 199 2832 anetll
218 2779 288 2832 (Πᾶν.
303 2775 355 2829 Cle·
366 2776 393 2830 h.
404 2796 428 2827 v·
659 2793 711 2831 tem
722 2800 764 2832 rex
775 2781 856 2852 Syriae
869 2781 946 2832 taetus
960 2792 985 2832 et
997 2779 1171 2848 octogenarius

132 2857 240 2928 ²Qum
251 2866 351 2926 quamv
360 2855 496 2918 mimis-u
505 2871 611 2921 Sparge·
662 2857 689 2910 in
707 2857 794 2930 praelio
805 2858 837 2910 ad
850 2859 934 2931 ipsum
951 2860 960 2922 (
968 2869 1025 2908 snte
1039 2855 1098 2908 Chr.
1110 2855 1169 2919 301)
1216 2895 1217 2898 η

100 2933 143 2987 rel
167 2933 252 3002 Quam
267 2931 311 2983 ills
325 2929 406 2998 major
418 2928 613 3002 generosiorque
661 2929 1174 3002 fususcaesusquoesttcs.Plutarch.vita
1210 2989 1218 3001 α

102 3012 153 3065 luit
169 3013 213 3082 qui
227 3009 363 3083 indignum
377 3030 403 3061 se
415 3020 483 3060 tanto
496 3027 611 3072 munere,
661 3010 787 3062 Demetrii
805 3011 969 3076 Poliones,
985 3031 1006 3062 e·
1024 3029 1062 3081 ²9·
1077 3007 1124 3060 Το.
1137 3009 1172 3075 V,

100 3103 221 3160 vastoque
246 3089 318 3142 oneri
343 3087 464 3162 imparem
486 3087 614 3137 confessus
663 3087 800 3140 edlieiek.

101 3183 149 3231 est,
164 3188 241 3239 quam
252 3168 296 3238 qui
315 3187 387 3242 supra
401 3167 541 3217 humanum
553 3184 615 3217 mo-
697 3167 719 3217 5.
735 3164 1080 3238 Cynicus.Thrasyllus.Rem
1087 3173 1175 3216 narrat

103 3249 165 3301 dum
178 3248 348 3298 intumescens
366 3258 436 3320 putat
453 3244 521 3296 dona
542 3263 616 3318 spar-
664 3263 765 3316 quoque
778 3241 968 3304 Ptut.T0.V11‚
979 3241 1174 3314 p.107.Htrtteu.

103 3327 188 3400 genda
199 3339 293 3378 temere
303 3323 330 3376 in
341 3325 419 3390 hunc,
431 3323 457 3375 in
470 3323 552 3390 illum,
562 3323 615 3375 sive
665 3319 806 3390 Θρασύλλου
819 3321 844 3371 dt
859 3325 901 3370 τοῦ
914 3317 1015 3370 Κυνικοῦ
1023 3318 1130 3386 δραχμὴν
1138 3319 1176 3368 αἶ-

104 3407 214 3478 dignus,
227 3404 279 3455 sive
292 3403 412 3476 indignos
423 3401 504 3453 iuerit.
664 3399 775 3456 τήσαντος
789 3395 859 3446 αὐτόν
868 3399 876 3460 (
886 3387 1140 3466 Antigonum)·lili’
1148 3393 1174 3446 οὗ

139 3483 162 3535 3.
168 3483 221 3534 Est
227 3493 316 3532 damen
328 3481 552 3552 aliquinntt'vs'tas.
561 3475 617 3528 Oh·
667 3475 788 3544 ssnetirxhs
798 3469 864 3538 ,sins
875 3474 918 3538 ,ab
930 3471 999 3540 δόμα·
1007 3481 1048 3524 τοῦ
1057 3471 1079 3524 δ’
1090 3471 1176 3524 tine's-

102 3558 290 3612 servatiuneula
310 3555 451 3626 subfrigide
472 3577 485 3607 e
503 3554 619 3625 margine
668 3570 715 3614 τος·
730 3553 822 3606 Οὐκοῦν
836 3553 948 3604 τάλαντον
960 3541 1128 3618 deperit?
1148 3549 1175 3602 οὗ

104 3639 206 3692 videtur
214 3637 340 3688 intextum
348 3633 458 3686 immissa
465 3631 620 3684 esss.Sensus
669 3631 778 3694 Konxba,
792 3629 849 3696 ἔφη,
864 3629 891 3678 τὶ
907 3631 991 3696 λῆμμα.
1003 3625 1102 3700 Repetit
1111 3624 1177 3677 hane

107 3730 143 3769 est
163 3734 170 3767 :
186 3734 332 3788 quanquam
347 3726 375 3765 tu
385 3711 443 3765 satis
456 3729 563 3784 magnus
570 3709 619 3772 sis,
669 3706 827 3761 historiolam
855 3705 921 3757 Plut.
942 3705 1002 3756 Vol.
1018 3705 1058 3769 X,
1074 3722 1164 3776 p.r71.

107 3808 135 3848 ut
146 3795 221 3847 urbes
239 3793 266 3845 in
278 3791 377 3866 plebem
394 3809 509 3862 spargere
523 3787 620 3861 possis,
703 3787 727 3839 5.
742 3788 890 3840 Talentum.
908 3785 943 3836 Ut
960 3783 1082 3838 aestimare
1100 3781 1178 3855 possis

108 3887 167 3927 sunt
177 3887 261 3926 tamen
272 3891 334 3942 quos
345 3889 399 3922 non
412 3870 496 3921 deceat
509 3868 620 3920 civitates
671 3867 736 3920 hanc
745 3865 827 3938 cynici
839 3863 1050 3936 postulationem,
1062 3859 1178 3911 recorde-

109 3954 229 4025 accipere.
251 3949 380 4022 Cogitesse
402 3948 501 3999 videtur
519 3946 549 3998 de
570 3945 621 3997 De·
669 3944 702 3996 ris
710 3963 809 3996 neeesse
818 3952 854 3992 est
861 3940 982 3992 talentum
992 3938 1067 3989 fuisse
1079 3936 1153 4002 5550
1162 3937 1180 3986 f.

108 4033 201 4085 mettio
220 4030 250 4081 de
260 4050 310 4100 quo
320 4027 416 4080 mentio
426 4027 491 4080 inira
503 4025 620 4092 Vll‚4t.
703 4045 726 4088 7.
747 4023 897 4075 Denarium
925 4017 1003 4070 latine
1029 4036 1074 4088 pro
1097 4034 1179 4087 graeco

109 4112 169 4164 ttoe
181 4107 269 4162 ironiae
280 4107 363 4158 colore
374 4103 538 4156 adumbravit.
670 4102 796 4155 drachma
807 4098 897 4172 posuit.
906 4095 1122 4146 Drachmaautem
1133 4092 1180 4143 hu·

147 4189 232 4240 xvtl.
255 4188 327 4238 Ano.
346 4184 504 4256 Antigonum
519 4182 624 4256 exagitat
671 4179 709 4254 jus
719 4177 796 4232 aetatis
808 4187 844 4228 est
852 4173 950 4228 circiter
957 4173 990 4239 93
1000 4171 1127 4223 centisim.
1139 4171 1168 4224 [r.
