2966 4948
328 549 441 590 narratur
452 536 545 600 (Dion.
558 535 634 588 Cass.
646 533 715 598 LX,
726 533 753 600 8,
765 537 854 600 nard).
868 536 936 588 llam
947 555 1001 608 cap.
1016 533 1063 604 37,
1077 557 1105 604 7,
1118 547 1207 589 auctor
1218 533 1252 588 de
1267 555 1294 588 se
1307 554 1404 604 narrat,
1472 551 1473 574 ι

327 621 404 692 longo
416 620 468 690 jam
478 618 528 671 situ
539 617 653 670 obsoleto
665 630 690 669 et
702 615 817 670 hebetato
829 619 916 672 animo
929 639 983 673 sese
1000 617 1056 674 baec
1074 620 1263 690 composuisse;
1276 632 1307 673 ut
1317 622 1407 674 saltem
1472 685 1473 688 Ἴ

326 702 436 756 Claudio
449 701 583 774 imperium
598 702 675 754 modo
690 701 819 754 obtinente
836 702 864 753 in
881 702 996 756 exsilium
1008 700 1098 754 miuus
1110 723 1163 755 esee
1177 701 1299 756 rideatur
1310 717 1407 757 auctor.
1472 701 1473 738 3

327 784 405 855 Atqui
416 784 513 837 Seneca
524 803 578 835 non
594 781 628 835 ita
641 781 718 856 longe
730 795 789 835 ante
801 795 843 834 aut
855 796 911 855 post
920 783 975 838 bac
987 781 1094 835 consilia
1106 783 1199 842 bellica
1211 784 1276 838 urbe
1291 805 1408 858 egressus

325 891 377 924 ease
388 870 470 936 rideri
484 881 572 941 potest.
582 867 685 920 Deinde
696 887 748 940 cap.
760 867 804 933 3ι,
818 869 834 934 d
846 881 871 921 et
881 869 930 934 32,
944 889 967 932 1,
978 867 1095 942 inspectis
1106 883 1131 922 et
1142 869 1295 943 comparatis
1305 909 1314 934 ,
1324 885 1405 944 patet,

326 955 463 1008 Claudium
476 953 610 1026 imperium
618 973 699 1024 nuper
706 951 857 1005 obtinuisse:
868 953 985 1022 «Ratae,
996 951 1032 1002 eit
1040 963 1137 1015 auctor,
1150 953 1263 1018 fortuna,
1277 954 1407 1025 quidquid
1472 1001 1473 1006 ,

324 1039 414 1113 prioris
432 1038 553 1112 principis
571 1037 652 1104 (dicit
664 1048 748 1090 autem
762 1035 923 1109 Caligulam)
938 1038 1009 1088 luror
1022 1035 1167 1100 concussit,
1184 1037 1366 1106 (Claudium)
1381 1039 1407 1091 in

324 1123 408 1176 locum
418 1142 492 1174 suum
503 1122 632 1174 restituere
641 1141 670 1173 ac
681 1140 828 1194 reponere.»
839 1119 904 1187 Qun
912 1120 1015 1191 quidem
1025 1120 1056 1172 de
1064 1117 1177 1192 principe
1188 1121 1285 1174 recenti
1296 1136 1408 1176 ιιιιιιιιιι-

322 1207 401 1258 modu
419 1205 470 1259 dici
487 1225 545 1258 curn
567 1203 643 1257 laude
662 1223 748 1277 posse,
766 1204 849 1274 quivis
868 1201 1000 1274 intelliget.
1018 1203 1057 1254 Eo
1076 1215 1189 1275 spectant
1206 1225 1311 1278 quoqne
1330 1207 1408 1258 verba

322 1291 429 1362 (ibid.§
441 1291 484 1358 3.)
498 1292 529 1344 de
545 1289 646 1344 Claudii
657 1287 842 1354 misericordia,
857 1309 907 1360 qua
921 1288 1062 1363 complures
1079 1289 1175 1342 exsules
1193 1293 1374 1346 revocaverit:
1385 1307 1409 1344 at

323 1375 378 1428 iae
392 1373 494 1427 nonnisi
512 1376 540 1427 in
551 1374 662 1448 primum
672 1373 773 1446 imperii
786 1371 921 1425 Claudiani
932 1391 1029 1424 annum
1041 1371 1108 1423 cadit
1121 1369 1193 1437 (Dio
1206 1373 1283 1426 cass.
1295 1373 1369 1436 LX,
1382 1377 1408 1440 4,
1472 1437 1473 1440 Ἴ

325 1457 402 1522 inte).
414 1455 471 1530 lpsa
481 1455 590 1508 anctorls
602 1453 687 1508 latitia
701 1455 731 1508 de
747 1453 849 1508 Claudii
858 1453 913 1506 lilio
924 1450 1084 1518 Britannico,
1094 1445 1170 1526 quem
1181 1456 1205 1508 ei
1216 1455 1359 1510 Messalina
1369 1457 1408 1508 ri-

324 1543 420 1615 gesimo
431 1541 533 1615 imperii
543 1540 585 1592 die
596 1539 686 1606 (Suet.
698 1541 794 1594 Claud.
806 1541 859 1610 ιγ.)
871 1551 1015 1613 pepererat,
1029 1540 1140 1594 rationes
1151 1555 1249 1593 nostras
1259 1539 1407 1594 confirmat.

323 1625 443 1695 Denique
456 1624 657 1679 monciacense
671 1625 778 1689 adsunt,
792 1641 848 1695 quae
859 1623 992 1689 evincant,
1007 1621 1078 1676 bunc
1093 1627 1182 1678 l'oetum
1195 1624 1337 1677 adulatoris
1352 1625 1409 1696 qui·

322 1710 382 1762 dem
394 1721 419 1761 et
429 1709 535 1784 proiecti
546 1707 674 1774 hominis,
689 1725 743 1760 nou
755 1707 859 1761 Seneca
872 1725 932 1760 esse.
945 1707 1012 1778 Quis
1026 1709 1096 1760 euim
1108 1707 1209 1762 Stoicus
1221 1747 1228 1774 ,
1241 1721 1270 1760 ut
1286 1709 1407 1780 quedam

322 1807 420 1848 tantum
434 1795 552 1861 afferam,
567 1807 618 1846 tam
632 1791 777 1846 dubitanter
785 1807 809 1846 et
816 1793 905 1867 supine
912 1805 935 1846 et
942 1793 1047 1866 quidem
1054 1793 1156 1846 bomini
1164 1795 1238 1847 ducto
1247 1833 1254 1860 ,
1263 1814 1343 1865 quern
1354 1795 1409 1846 Ρο-

321 1881 420 1956 lybinrn
428 1881 505 1933 fnisse
514 1879 581 1932 nolli
593 1877 747 1941 dubitamus,
757 1878 855 1946 dixerit,
867 1897 924 1950 qna
936 1899 990 1952 cap.
1003 1899 1043 1944 ao,
1052 1897 1079 1930 a:
1094 1877 1241 1931 «blundo...
1254 1879 1405 1954 demerget»

322 1977 347 2017 et
355 1985 408 2038 cap.
415 1963 456 2034 37,
467 1967 482 2031 4
491 1983 497 2017 :
509 1987 522 2012 a
530 1965 563 2016 Et
572 1963 825 2038 sciu...compulisset,
834 1963 972 2036 leguntur?
980 1984 994 2010 ι·
1001 1965 1033 2016 ln
1040 1963 1079 2015 bis
1085 1985 1177 2037 nempe
1184 1964 1281 2016 Seneca
1287 1966 1345 2018 sine
1352 1967 1407 2018 ulla

323 2050 421 2102 ratione
429 2048 479 2101 ribi
490 2047 542 2120 ipse
552 2047 748 2112 contradiceret,
758 2058 782 2099 et
791 2046 877 2099 vineta
887 2067 931 2100 sua
941 2048 993 2122 ipse
1003 2047 1182 2102 absurdissime
1193 2049 1307 2104 cederet
1313 2091 1322 2114 ,
1334 2052 1407 2122 quod

322 2153 461 2205 numquam
475 2155 488 2186 a
501 2149 630 2205 quoquam
642 2129 706 2184 mibi
717 2131 863 2205 persuaderi
874 2132 962 2205 patiar.
977 2131 1079 2186 Deinde
1091 2133 1148 2204 quis
1160 2133 1246 2186 credat
1259 2135 1405 2200 Senecam,
1472 2123 1473 2131 ἵ

322 2219 406 2271 sirum
412 2217 580 2289 qnadraginta
589 2218 640 2268 lere
646 2234 727 2268 annos
736 2215 786 2287 jam
795 2227 883 2269 natum
893 2216 923 2269 de
930 2215 1064 2280 sententia,
1071 2237 1147 2286 qnam
1157 2237 1342 2290 usquequaque
1351 2242 1405 2273 nou

323 2300 461 2354 tinelande
471 2301 550 2352 tuitus
562 2311 676 2362 erat,tarn
692 2299 796 2372 turpiter
807 2297 970 2366 destitisse,et
981 2298 1096 2352 laudasse
1109 2297 1299 2366 bominem,cui
1310 2303 1405 2356 nonita
1472 2353 1473 2361 ,

324 2383 403 2456 longe
414 2393 487 2455 pest,
498 2395 523 2434 et
531 2381 592 2434 alibi
603 2421 611 2447 ,
622 2393 646 2433 et
659 2381 686 2432 in
699 2381 791 2433 celelai
802 2379 1009 2456 apocolobyntosi
1021 2393 1059 2434 tot
1069 2393 1200 2452 taanue
1211 2395 1285 2435 nous
1298 2385 1405 2458 turpitu-
1472 2385 1473 2392 ’

320 2469 392 2522 dinis
409 2465 547 2521 intererit?
564 2466 632 2518 Mihi
655 2477 720 2519 certe
738 2465 895 2539 exploratum
915 2481 965 2530 est,
988 2467 1111 2520 Senecam
1129 2479 1180 2519 tarn
1197 2467 1298 2541 abjecto
1317 2470 1405 2522 auimo

321 2553 517 2624 haudquaquam
530 2551 621 2612 luisse,
635 2561 663 2603 ut
675 2551 707 2603 de
722 2543 870 2602 innocentia
881 2569 982 2604 morum
996 2571 1087 2626 parum
1104 2551 1228 2606 sollicitus
1245 2572 1404 2626 quocunque

320 2637 400 2710 pretio
411 2636 587 2688 liberationem
602 2635 682 2688 easilii
695 2633 947 2708 redimerepotnerit.
959 2637 1030 2687 llum
1042 2635 1162 2688 Tacitum
1174 2634 1272 2706 alioqui
1283 2656 1404 2688 serenam

320 2742 420 2774 morum
432 2721 555 2774 arbitrum
566 2720 611 2772 has
621 2719 795 2792 proiectissimi
810 2721 889 2772 animi
905 2733 976 2774 notas
989 2719 1016 2774 in
1030 2721 1133 2774 Senecte
1146 2721 1253 2793 ingenio
1268 2721 1405 2776 muribus-

320 2823 369 2876 que
382 2806 423 2858 vel
435 2806 467 2858 ab
478 2807 532 2874 ejus
543 2803 700 2868 adversariis,
711 2824 732 2855 e.
744 2825 766 2856 e.
779 2799 862 2857 Suilio
871 2805 1063 2871 (Annulxlll,
1074 2805 1165 2876 42)vel
1175 2826 1188 2857 a
1199 2819 1279 2858 seruet
1290 2807 1406 2872 (Annul.

320 2887 392 2955 XV,
412 2889 462 2953 ⁶2,
480 2891 542 2957 sq.)
569 2884 727 2938 declarandis
749 2898 865 2958 putemus
886 2885 1095 2960 praetermisisse?
1113 2889 1170 2960 lpse
1190 2900 1279 2940 contra
1299 2887 1405 2942 Tacitus

323 2973 434 3039 (Amt.
445 2972 478 3023 Χ
478 2973 509 3024 V
508 3011 516 3036 ,
524 2971 574 3034 lia,
587 2972 655 3028 inies
668 2971 743 3021 relert
756 2983 783 3021 nt
793 2987 806 3022 e
817 2985 862 3022 sua
873 2991 979 3042 persona
990 3011 996 3036 ,
1009 2971 1135 3026 Senecam
1147 2972 1320 3038 morientem,
1334 2975 1404 3044 quod

321 3073 401 3110 unm
412 3057 465 3128 iam
478 3067 587 3107 attamen
602 3049 957 3125 pnlcberrimnm'habuisset,
969 3055 1108 3128 imaginem
1123 3055 1181 3108 vitae
1194 3075 1245 3110 suae
1258 3055 1351 3108 amicis
1366 3077 1404 3108 re-

321 3142 453 3213 linquere:
463 3153 488 3192 et
496 3139 587 3213 caplis
598 3138 628 3209 ej.
636 3135 680 3190 lib.
692 3135 788 3190 Seneca
798 3137 829 3190 de
840 3151 932 3191 semet:
942 3139 1012 3193 «Nec
1023 3139 1080 3202 sibi,
1090 3137 1135 3204 ait,
1144 3153 1290 3214 promptum
1303 3138 1331 3192 in
1344 3141 1408 3194 adu·

320 3225 429 3278 latium
441 3223 583 3296 ingenium.
597 3221 676 3292 ldqne
690 3221 754 3273 nulli
767 3221 848 3296 inagis
859 3241 982 3294 gnarum,
992 3243 1069 3294 quam
1081 3223 1199 3291 Neroni,
1212 3223 1258 3296 qui
1268 3225 1363 3296 sepius
1375 3225 1405 3278 li·

321 3305 441 3358 bertatem
453 3305 573 3368 Senem,
586 3320 662 3374 quam
673 3302 803 3356 servitium
816 3315 929 3372 expertus
940 3315 1010 3357 esset.
1025 3329 1039 3352 a

355 3391 418 3444 Hae
426 3389 580 3462 posteriora,
592 3407 624 3441 ne
635 3387 776 3461 quidquam
785 3387 864 3440 erlem
875 3428 882 3455 ,
894 3408 909 3439 a
918 3389 1043 3442 Didcroto
1057 3411 1159 3462 quoquc
1172 3389 1264 3443 leviter
1273 3393 1405 3464 perstricta

322 3477 397 3530 rideo
406 3475 566 3542 ,redonibus
577 3474 703 3527 historicis
713 3515 720 3538 ,
732 3487 838 3544 quarum
851 3475 991 3548 prtecipuus
1004 3475 1129 3530 inhaere
1143 3497 1203 3529 usus
1221 3497 1273 3529 esse
1288 3477 1403 3542 videtur,

322 3578 355 3615 ne
366 3560 443 3614 verbo
454 3559 558 3631 quidem
569 3557 778 3612 commemoratis.
791 3561 873 3628 Atque
887 3579 982 3618 vereor.
1003 3571 1031 3613 ut
1042 3560 1095 3632 eius
1108 3559 1222 3613 defensio
1235 3559 1344 3616 Senecae
1353 3583 1405 3614 ma·

321 3649 402 3720 jurem
411 3646 526 3698 virutum
538 3643 629 3698 harum
641 3661 726 3697 rerum
739 3641 878 3718 petitorum
890 3643 1036 3720 applausum
1049 3657 1122 3698 nacta
1136 3645 1186 3712 sit,
1202 3665 1280 3716 quarn
1298 3667 1406 3700 censura

323 3729 490 3786 detensionis¹
503 3731 531 3784 in
544 3729 657 3804 margine
669 3727 777 3781 laudata.
788 3729 906 3802 Denique
915 3749 962 3782 nec
971 3729 1066 3782 Dionis
1075 3729 1156 3786 Cassii
1168 3731 1218 3783 boc
1227 3729 1406 3786 locoobliris-

323 3820 431 3870 cendum
444 3814 517 3869 nobis
529 3828 573 3867 est.
589 3813 641 3881 Qui
658 3829 735 3884 quum
752 3813 855 3866 Seneca
873 3833 928 3888 cap.
947 3817 995 3886 59,
1016 3835 1059 3888 iq,
1078 3815 1136 3868 catis
1153 3813 1304 3868 honorificis
1322 3817 1406 3869 verbis

350 4003 367 4028 ι.
376 3989 435 4030 sasas
443 3987 507 4030 sarta
514 3989 547 4028 ete
556 3985 582 4025 de
589 3985 691 4038 Sdrique,
701 3993 740 4024 ete.
748 4012 754 4032 ,
763 3997 802 4036 per
811 3983 834 4021 D.
847 3984 940 4022 ὓιιιιοτ.
957 3983 1015 4024 conr.
1026 3987 1169 4026 Additamenta
1177 3987 1202 4025 ad
1212 3985 1361 4039 prenmides
1369 3988 1407 4026 lit-

324 4054 540 4106 tem.Gott'm1.anai
557 4054 616 4104 ¹7⁸⁰·
630 4061 686 4090 nan.
700 4051 766 4101 dup-
776 4050 826 4098 841,
836 4063 866 4102 sq·
880 4051 966 4092 (leasara
981 4053 1008 4090 ibi
1023 4051 1084 4101 luins
1097 4055 1163 4107 operis
1174 4061 1239 4093 astat
1252 4053 1330 4102 dcere,
1344 4067 1408 4105 eaqaa

324 4121 434 4160 Memmii.
992 4131 999 4144 ⁸
