2966 4948
304 445 369 528 nil
460 437 529 509 DE
553 435 742 510 MORTE
766 431 989 502 CLAUDII
1014 431 1198 502 LUDUS.

303 591 330 631 e.
350 568 523 630 mutationis
543 567 573 627 iu
592 569 683 628 deum
701 564 822 626 invento
842 561 1005 626 efficaciter
1031 563 1234 646 stupiditatem
1256 561 1379 627 Clamlii

302 677 451 759 insignem
466 671 623 756 designare
636 666 784 748 voluerit,
802 689 860 733 uec
874 668 1056 748 dubitasset,
1071 669 1150 732 bunc
1158 669 1300 732 libellum
1313 691 1379 731 esse

303 783 444 844 eumdem
458 781 578 865 ipsum,
596 799 688 859 quem
706 778 877 839 etiamntme
887 789 1064 848 euctemon
1083 777 1202 840 tittrlum
1216 779 1284 861 ejus
1300 777 1380 838 hunc

303 891 503 972 inposterum
519 887 604 968 quasi
619 887 685 968 jure
696 884 874 968 postliminii
885 886 1089 948 revocandtrm
1107 899 1138 948 et
1152 907 1188 947 ex
1199 883 1308 954 exilio.
1320 906 1380 966 quo
1457 923 1458 926 =

304 997 419 1058 tamdiu
431 994 616 1069 delituisset,
630 993 742 1075 injure
758 992 838 1054 msle
855 993 971 1076 perdita
985 992 1202 1055 restituendum
1223 1013 1292 1056 esse
1305 1013 1381 1076 pro-
1458 1001 1459 1004 ’

248 1169 257 1186 .
304 1102 460 1164 nuntiavit.
476 1096 538 1163 Sed
552 1120 614 1162 non
632 1099 703 1161 satis
717 1113 798 1176 erat,
816 1099 971 1175 innuisse,
993 1097 1142 1164 aSeneca
1159 1100 1228 1161 ideo
1246 1092 1382 1162 lumnia-

305 1220 427 1272 κὺντωσιυ
440 1207 559 1270 Ludum
571 1227 636 1269 esse
646 1205 846 1289 appellatum,
856 1207 937 1287 quod
944 1202 1088 1269 Claudius
1099 1203 1250 1269 medicato
1256 1203 1380 1279 boleto,

255 1345 258 1354 ·
306 1317 391 1398 quasi
405 1315 570 1400 pharmaco
585 1313 759 1397 purgatorio
771 1314 875 1395 (cujus
889 1325 990 1374 umen
1005 1313 1037 1373 in
1050 1308 1137 1374 Ludo
1156 1311 1240 1374 nulla
1255 1311 1385 1372 litmeo·
1462 1339 1463 1344 ¹

308 1424 372 1496 tio,
388 1442 445 1484 nec
468 1422 632 1504 prudenter
650 1415 717 1480 lieri
734 1420 878 1502 poterat)
897 1419 979 1499 quod
997 1417 1073 1481 olim
1092 1417 1234 1500 frequens
1256 1440 1274 1480 e
1294 1416 1385 1479 colo-

308 1529 446 1616 cynthide
458 1519 689 1590 concinnarelur
699 1529 804 1606 (quem
815 1539 965 1610 agrestem
978 1525 1164 1588 cucurbitam
1174 1545 1284 1588 vocare
1298 1524 1386 1600 licet)
1465 1591 1466 1602 ,

309 1635 450 1720 perierit;
467 1635 520 1696 sed
539 1654 575 1694 ex
591 1633 657 1716 ipso
671 1631 731 1695 hoc
743 1631 848 1694 libello
864 1632 1032 1694 docendum
1046 1646 1131 1705 erat,
1154 1630 1387 1715 inscriptionem
1466 1640 1467 1690 t

311 1741 341 1802 ei
358 1741 531 1804 convenire.
553 1735 646 1820 Quod
668 1737 780 1800 lactum
797 1750 942 1814 nonest,
965 1737 1121 1814 annio,
1146 1759 1278 1820 nequee
1303 1737 1386 1799 Dsn.
1468 1819 1469 1830 ἵ

312 1843 440 1910 Heinsio
461 1847 492 1906 in
503 1842 585 1907 Diss.
602 1847 638 1906 de
650 1845 710 1908 boc
723 1843 846 1908 Senecae
861 1845 967 1906 libello
978 1859 997 1904 ¹.
1011 1842 1143 1907 Delendi
1164 1844 1267 1907 forsan
1286 1859 1389 1928 potest
1469 1907 1470 1914 ,

313 1973 372 2029 eo,
390 1967 422 2013 ut
438 1952 568 2022 dicatur,
586 1951 784 2012 mutationem
798 1951 908 2034 stupidi
921 1951 1015 2012 innui.

353 2059 519 2122 Neminem
531 2070 634 2118 tamen
653 2057 750 2120 adbuc
762 2058 838 2131 vidi,
854 2058 905 2138 qui
920 2056 1007 2120 Junii
1026 2059 1206 2120 sententiam
1222 2059 1389 2141 rejecisset.
1471 2087 1472 2100 ¹

313 2165 432 2231 Omnes
456 2185 527 2226 etam
548 2164 673 2225 insecuti
690 2164 747 2224 viri
765 2164 845 2226 docti
862 2177 891 2226 et
909 2165 1039 2226 editores
1053 2165 1172 2226 titulum
1188 2165 1269 2228 bunc
1287 2166 1328 2227 ab
1350 2189 1389 2228 eo

315 2273 480 2337 exhibitum
497 2291 553 2356 pro
571 2291 646 2332 vero
661 2283 691 2332 ct
704 2291 721 2331 e
736 2267 852 2333 Seneca
873 2269 1010 2355 prolecto
1023 2271 1138 2333 habere
1151 2293 1213 2333 non
1227 2273 1390 2335 dubitave-

316 2394 393 2444 runt.
409 2379 497 2442 Unus
514 2377 672 2463 Xylander
692 2377 803 2442 alicubi
822 2377 998 2462 opinionem
1016 2379 1138 2460 quidem
1153 2381 1304 2462 promsit,
1325 2403 1387 2443 non

314 2485 506 2548 esseSenecae
513 2485 628 2560 loetum,
639 2486 693 2546 sed
703 2484 931 2567 inscriptionem
939 2485 970 2544 in
980 2483 1197 2547 dubitationem
1204 2507 1315 2549 vocare
1327 2509 1389 2549 non

315 2605 439 2656 conanus
454 2606 508 2654 est.
521 2589 631 2672 Neque
648 2590 762 2652 Gortitas
777 2590 855 2674 prol.
870 2590 945 2653 olim
962 2587 1045 2674 Lips.
1067 2591 1119 2673 qui
1136 2593 1166 2652 in
1179 2591 1259 2654 libro
1275 2594 1333 2655 sub
1349 2596 1390 2654 ti-

315 2700 378 2762 tulo
394 2724 401 2760 :
416 2698 530 2785 Satyrae
555 2696 729 2781 Menippeae
746 2710 824 2774 tres,
838 2695 962 2761 Senecae
977 2697 1268 2785 Apocolocyntosis,
1293 2697 1388 2784 Lipsii

316 2807 468 2868 somnium
483 2801 629 2868 etCuuaei
640 2801 751 2865 Sardes
763 2801 916 2882 Venales,
932 2801 1043 2890 Lipsiae
1058 2827 1157 2891 1720,
1174 2807 1212 2885 8,
1227 2809 1321 2870 edidit
1335 2831 1389 2870 no

315 2912 412 2994 tisque
426 2911 584 2974 illustravit
592 2909 746 2994 perpetuis
767 2924 797 2974 et
816 2911 853 2973 iis
866 2912 933 2974 viro
953 2913 1073 2976 doctiss.
1084 2935 1193 2997 parum
1205 2916 1317 2999 dignis,
1331 2939 1390 2978 ne-

317 3041 375 3101 que
391 3016 475 3080 Frid.
489 3015 642 3102 Christplt.
657 3016 790 3092 Nestor,
814 3019 865 3100 qui
880 3021 1052 3103 gennanice
1071 3021 1159 3083 vertit
1169 3035 1199 3084 et
1208 3023 1389 3104 illustravit,

319 3123 402 3208 Lips.
420 3147 515 3210 1729,
534 3123 576 3201 8,
596 3145 645 3209 ap.
659 3122 774 3186 Bemln
791 3121 945 3210 Christph.
967 3121 1142 3212 Breitlopl,
1160 3129 1238 3192 banc
1262 3131 1391 3216 iuscrip-

317 3233 433 3294 tionem
447 3234 689 3314 repudiaverunt.
698 3230 849 3296 Eamdem
858 3235 1032 3316 opinionem
1041 3249 1071 3298 et
1080 3235 1165 3299 Viris
1176 3239 1271 3302 doctis
1279 3237 1391 3316 Gallis,

319 3339 427 3422 Anglis
442 3351 471 3401 et
485 3337 665 3414 Germanis,
678 3341 731 3422 qni
742 3342 845 3404 ludum
861 3343 1065 3406 converterint
1078 3344 1110 3404 in
1123 3346 1255 3426 patrium
1267 3348 1395 3430 quisque

321 3465 494 3507 sermonem
506 3491 522 3524 ,
533 3465 565 3508 se
586 3446 732 3530 probasse
749 3447 883 3511 intellexi
895 3457 917 3508 ¹.

356 3667 365 3696 ¹
378 3663 483 3736 Adjccta
493 3663 548 3717 bec
560 3678 597 3718 est
607 3666 647 3739 Ej.
661 3665 835 3732 Orationibus,
848 3667 930 3740 bugd.
940 3667 996 3722 But.
1008 3671 1080 3738 1842,
1097 3691 1142 3738 ra,
1155 3693 1178 3749 p.
1190 3673 1313 3743 683-708,
1325 3673 1393 3748 quod

323 3773 365 3806 me
376 3753 558 3807 humenissime
570 3757 671 3810 monuit
687 3756 839 3826 Blesum,
860 3761 989 3834 praelectus
1007 3761 1172 3818 Bibliotheca
1193 3782 1246 3837 reg.
1260 3763 1394 3828 Beroliui,

324 3845 372 3898 Vir
385 3846 498 3900 doctrina
511 3847 621 3920 eleganti
633 3861 657 3902 et
668 3849 765 3902 meritis
779 3849 811 3902 de
826 3850 900 3904 bonis
913 3849 990 3905 literis
1000 3853 1147 3924 sinceraque
1160 3854 1323 3928 philosophia
1338 3857 1395 3910 ela-

325 3936 444 3990 rissimue.
458 3938 549 3990 Eidem
570 3940 625 3993 viro
639 3941 745 3994 amieiss.
763 3942 843 3996 debeo
856 3945 931 3996 etiam
945 3944 1071 4019 epitomen
1086 3946 1130 4001 Jo.
1145 3946 1270 4020 Sebeffiri
1281 3949 1395 4002 bectinn.

325 4027 437 4082 academ.
447 4031 458 4098 (
468 4029 561 4083 Hamb.
574 4044 598 4082 et
609 4032 752 4086 Amstelod.
775 4029 855 4100 1875,
875 4037 911 4102 8)
926 4036 970 4090 ubi
988 4057 1013 4111 p.
1025 4037 1158 4111 epp-336,
1173 4053 1239 4093 notae
1250 4040 1278 4092 in
1293 4041 1395 4094 tutum

325 4117 393 4172 bunc
405 4119 540 4194 leguntur,
553 4123 637 4197 exigui
651 4127 784 4178 momenti.
799 4125 912 4192 Celticis,
926 4149 982 4199 que
994 4149 1079 4204 paucse
1091 4143 1149 4183 sunt
1162 4133 1247 4198 ,notis
1259 4153 1318 4185 usus
1331 4154 1396 4186 sum.

357 4213 370 4241 ²
381 4209 474 4264 Prteter
485 4212 545 4266 aliae
557 4227 628 4267 notas
642 4215 858 4288 interpretationes
869 4240 983 4274 memoro
992 4223 1121 4276 Bussovt't'
1127 4221 1310 4288 (OEuvres'lo.
1320 4225 1395 4290 xlv,
