<?xml version="1.0" encoding="UTF-8"?>
<!DOCTYPE html PUBLIC "-//W3C//DTD XHTML 1.0 Transitional//EN"
    "http://www.w3.org/TR/xhtml1/DTD/xhtml1-transitional.dtd">
<html xmlns="http://www.w3.org/1999/xhtml" xml:lang="en" lang="en">
 <head>
  <title>
</title>
<meta http-equiv="Content-Type" content="text/html;charset=utf-8" />
  <meta name='ocr-system' content='tesseract 3.04.00' />
  <meta name='ocr-capabilities' content='ocr_page ocr_carea ocr_par ocr_line ocrx_word'/>
</head>
<body>
  <div class='ocr_page' id='page_1' title='image "./lannsenecparspr02bouigoog_0020.png"; bbox 0 0 2976 4944; ppageno 0'>
   <div class='ocr_carea' id='block_1_1' title="bbox 526 493 1172 582">
    <p class='ocr_par' dir='ltr' id='par_1_1' title="bbox 526 493 1172 582">
     <span class='ocr_line' id='line_1_1' title="bbox 526 493 1172 582; baseline -0.003 -20"><span class='ocrx_word' id='word_1_1' title='bbox 526 493 757 562; x_wconf 76' lang='lat' dir='ltr'>cururr.</span> <span class='ocrx_word' id='word_1_2' title='bbox 1150 517 1172 582; x_wconf 82' lang='lat'>9</span> 
     </span>
    </p>
   </div>
   <div class='ocr_carea' id='block_1_2' title="bbox 95 619 1265 1870">
    <p class='ocr_par' dir='ltr' id='par_1_2' title="bbox 95 619 1265 1870">
     <span class='ocr_line' id='line_1_2' title="bbox 95 619 1175 716; baseline -0.002 -26"><span class='ocrx_word' id='word_1_3' title='bbox 95 621 173 690; x_wconf 89' lang='lat' dir='ltr'>dem</span> <span class='ocrx_word' id='word_1_4' title='bbox 186 647 265 714; x_wconf 79' lang='lat' dir='ltr'>quoe</span> <span class='ocrx_word' id='word_1_5' title='bbox 274 619 437 692; x_wconf 89' lang='lat' dir='ltr'>videntur</span> <span class='ocrx_word' id='word_1_6' title='bbox 446 623 586 691; x_wconf 83' lang='lat' dir='ltr'>confusa</span> <span class='ocrx_word' id='word_1_7' title='bbox 599 639 633 691; x_wconf 90' lang='lat' dir='ltr'>et</span> <span class='ocrx_word' id='word_1_8' title='bbox 646 623 799 704; x_wconf 77' lang='lat' dir='ltr'>incerta,</span> <span class='ocrx_word' id='word_1_9' title='bbox 815 623 947 716; x_wconf 83' lang='lat' dir='ltr'>pluvius</span> <span class='ocrx_word' id='word_1_10' title='bbox 959 619 1035 689; x_wconf 90' lang='lat' dir='ltr'>dico</span> <span class='ocrx_word' id='word_1_11' title='bbox 1048 619 1175 688; x_wconf 85' lang='lat' dir='ltr'>nubes·</span> 
     </span>
     <span class='ocr_line' id='line_1_3' title="bbox 95 735 1174 832; baseline -0.002 -27"><span class='ocrx_word' id='word_1_12' title='bbox 95 763 186 831; x_wconf 90' lang='lat' dir='ltr'>que,</span> <span class='ocrx_word' id='word_1_13' title='bbox 210 755 246 806; x_wconf 87' lang='lat' dir='ltr'>et</span> <span class='ocrx_word' id='word_1_14' title='bbox 268 739 452 806; x_wconf 89' lang='lat' dir='ltr'>elisorum¹</span> <span class='ocrx_word' id='word_1_15' title='bbox 471 738 650 807; x_wconf 81' lang='lat' dir='ltr'><strong>fulminum</strong></span> <span class='ocrx_word' id='word_1_16' title='bbox 668 739 804 832; x_wconf 84' lang='lat' dir='ltr'>jactus,</span> <span class='ocrx_word' id='word_1_17' title='bbox 827 753 861 805; x_wconf 87' lang='lat' dir='ltr'>et</span> <span class='ocrx_word' id='word_1_18' title='bbox 880 735 1040 805; x_wconf 86' lang='lat' dir='ltr'>incendia</span> <span class='ocrx_word' id='word_1_19' title='bbox 1063 737 1174 830; x_wconf 88' lang='lat' dir='ltr'>ruptis</span> 
     </span>
     <span class='ocr_line' id='line_1_4' title="bbox 97 854 1175 936; baseline -0.001 -16"><span class='ocrx_word' id='word_1_20' title='bbox 97 856 264 922; x_wconf 90' lang='lat' dir='ltr'>montium</span> <span class='ocrx_word' id='word_1_21' title='bbox 285 855 473 924; x_wconf 88' lang='lat' dir='ltr'>verticibus</span> <span class='ocrx_word' id='word_1_22' title='bbox 497 855 645 936; x_wconf 83' lang='lat' dir='ltr'>effusa²,</span> <span class='ocrx_word' id='word_1_23' title='bbox 671 870 835 923; x_wconf 85' lang='lat' dir='ltr'>tremores</span> <span class='ocrx_word' id='word_1_24' title='bbox 858 854 1004 923; x_wconf 82' lang='lat' dir='ltr'>labantis</span> <span class='ocrx_word' id='word_1_25' title='bbox 1030 854 1115 936; x_wconf 91' lang='lat' dir='ltr'>soli,</span> <span class='ocrx_word' id='word_1_26' title='bbox 1140 869 1175 920; x_wconf 93' lang='lat' dir='ltr'>et</span> 
     </span>
     <span class='ocr_line' id='line_1_5' title="bbox 99 967 1174 1062; baseline -0.002 -27"><span class='ocrx_word' id='word_1_27' title='bbox 99 967 166 1036; x_wconf 80' lang='lat' dir='ltr'>aliu</span> <span class='ocrx_word' id='word_1_28' title='bbox 180 993 260 1060; x_wconf 82' lang='lat' dir='ltr'>quae</span> <span class='ocrx_word' id='word_1_29' title='bbox 280 969 487 1038; x_wconf 87' lang='lat' dir='ltr'>tumultuosa</span> <span class='ocrx_word' id='word_1_30' title='bbox 501 993 580 1062; x_wconf 81' lang='lat' dir='ltr'>pers</span> <span class='ocrx_word' id='word_1_31' title='bbox 597 993 713 1038; x_wconf 90' lang='lat' dir='ltr'>rerum</span> <span class='ocrx_word' id='word_1_32' title='bbox 725 971 818 1036; x_wconf 81' lang='lat' dir='ltr'>circa</span> <span class='ocrx_word' id='word_1_33' title='bbox 831 985 939 1037; x_wconf 86' lang='lat' dir='ltr'>terras</span> <span class='ocrx_word' id='word_1_34' title='bbox 954 984 1084 1049; x_wconf 91' lang='lat' dir='ltr'>movet,</span> <span class='ocrx_word' id='word_1_35' title='bbox 1101 967 1174 1034; x_wconf 88' lang='lat' dir='ltr'>sine</span> 
     </span>
     <span class='ocr_line' id='line_1_6' title="bbox 98 1084 1175 1178; baseline -0.002 -24"><span class='ocrx_word' id='word_1_36' title='bbox 98 1087 256 1168; x_wconf 80' lang='lat' dir='ltr'>ratione,</span> <span class='ocrx_word' id='word_1_37' title='bbox 278 1089 432 1178; x_wconf 86' lang='lat' dir='ltr'>quamvis</span> <span class='ocrx_word' id='word_1_38' title='bbox 451 1087 563 1156; x_wconf 85' lang='lat' dir='ltr'>subita</span> <span class='ocrx_word' id='word_1_39' title='bbox 579 1089 668 1170; x_wconf 88' lang='lat' dir='ltr'>sint,</span> <span class='ocrx_word' id='word_1_40' title='bbox 683 1084 868 1156; x_wconf 87' lang='lat' dir='ltr'>accidunt:</span> <span class='ocrx_word' id='word_1_41' title='bbox 889 1085 949 1155; x_wconf 88' lang='lat' dir='ltr'>sed</span> <span class='ocrx_word' id='word_1_42' title='bbox 968 1111 1045 1154; x_wconf 88' lang='lat' dir='ltr'>suas</span> <span class='ocrx_word' id='word_1_43' title='bbox 1063 1101 1099 1154; x_wconf 89' lang='lat' dir='ltr'>et</span> <span class='ocrx_word' id='word_1_44' title='bbox 1116 1085 1175 1153; x_wconf 84' lang='lat' dir='ltr'>illa</span> 
     </span>
     <span class='ocr_line' id='line_1_7' title="bbox 97 1201 1174 1296; baseline -0.001 -26"><span class='ocrx_word' id='word_1_45' title='bbox 97 1226 218 1270; x_wconf 74' lang='lat' dir='ltr'>musas</span> <span class='ocrx_word' id='word_1_46' title='bbox 236 1201 366 1270; x_wconf 86' lang='lat' dir='ltr'>babent</span> <span class='ocrx_word' id='word_1_47' title='bbox 383 1227 455 1270; x_wconf 91' lang='lat' dir='ltr'>non</span> <span class='ocrx_word' id='word_1_48' title='bbox 473 1202 607 1286; x_wconf 89' lang='lat' dir='ltr'>minus,</span> <span class='ocrx_word' id='word_1_49' title='bbox 628 1228 731 1295; x_wconf 88' lang='lat' dir='ltr'>qnam</span> <span class='ocrx_word' id='word_1_50' title='bbox 751 1227 828 1296; x_wconf 85' lang='lat' dir='ltr'>quae</span> <span class='ocrx_word' id='word_1_51' title='bbox 847 1203 968 1273; x_wconf 81' lang='lat' dir='ltr'>alienis</span> <span class='ocrx_word' id='word_1_52' title='bbox 991 1203 1073 1272; x_wconf 87' lang='lat' dir='ltr'>locis</span> <span class='ocrx_word' id='word_1_53' title='bbox 1091 1225 1174 1270; x_wconf 90' lang='lat' dir='ltr'>con-</span> 
     </span>
     <span class='ocr_line' id='line_1_8' title="bbox 96 1297 1174 1410; baseline 0 -26"><span class='ocrx_word' id='word_1_54' title='bbox 96 1331 216 1410; x_wconf 82' lang='lat' dir='ltr'>specta</span> <span class='ocrx_word' id='word_1_55' title='bbox 241 1317 406 1386; x_wconf 80' lang='lat' dir='ltr'>miracula</span> <span class='ocrx_word' id='word_1_56' title='bbox 434 1333 534 1399; x_wconf 84' lang='lat' dir='ltr'>sunt,</span> <span class='ocrx_word' id='word_1_57' title='bbox 564 1333 603 1386; x_wconf 84' lang='lat' dir='ltr'>ut</span> <span class='ocrx_word' id='word_1_58' title='bbox 627 1319 664 1385; x_wconf 93' lang='lat' dir='ltr'>in</span> <span class='ocrx_word' id='word_1_59' title='bbox 688 1316 809 1387; x_wconf 88' lang='lat' dir='ltr'>mediis</span> <span class='ocrx_word' id='word_1_60' title='bbox 838 1297 999 1386; x_wconf 82' lang='lat' dir='ltr'>fluctibus</span> <span class='ocrx_word' id='word_1_61' title='bbox 1025 1316 1174 1385; x_wconf 79' lang='lat' dir='ltr'>calentes</span> 
     </span>
     <span class='ocr_line' id='line_1_9' title="bbox 96 1422 1175 1524; baseline 0 -26"><span class='ocrx_word' id='word_1_62' title='bbox 96 1422 235 1524; x_wconf 81' lang='lat' dir='ltr'>aquae³‚</span> <span class='ocrx_word' id='word_1_63' title='bbox 257 1446 293 1500; x_wconf 85' lang='lat' dir='ltr'>et</span> <span class='ocrx_word' id='word_1_64' title='bbox 310 1455 397 1501; x_wconf 81' lang='lat' dir='ltr'>nova</span> <span class='ocrx_word' id='word_1_65' title='bbox 423 1432 612 1500; x_wconf 81' lang='lat' dir='ltr'>insularum</span> <span class='ocrx_word' id='word_1_66' title='bbox 631 1435 667 1500; x_wconf 94' lang='lat' dir='ltr'>in</span> <span class='ocrx_word' id='word_1_67' title='bbox 691 1427 810 1502; x_wconf 68' lang='grc' dir='ltr'>ιιιιιιῑο6</span> <span class='ocrx_word' id='word_1_68' title='bbox 832 1433 1060 1501; x_wconf 81' lang='lat' dir='ltr'>exsilientium</span> <span class='ocrx_word' id='word_1_69' title='bbox 1087 1432 1175 1499; x_wconf 86' lang='lat' dir='ltr'>mari</span> 
     </span>
     <span class='ocr_line' id='line_1_10' title="bbox 96 1538 1217 1640; baseline -0.003 -26"><span class='ocrx_word' id='word_1_70' title='bbox 96 1547 208 1640; x_wconf 81' lang='lat' dir='ltr'>spatia</span> <span class='ocrx_word' id='word_1_71' title='bbox 223 1538 249 1612; x_wconf 82' lang='lat'>⁵.</span> <span class='ocrx_word' id='word_1_72' title='bbox 272 1549 343 1615; x_wconf 86' lang='lat' dir='ltr'>Jam</span> <span class='ocrx_word' id='word_1_73' title='bbox 362 1571 444 1616; x_wconf 87' lang='lat' dir='ltr'>vero</span> <span class='ocrx_word' id='word_1_74' title='bbox 456 1541 469 1582; x_wconf 80' lang='lat'><strong>⁶</strong></span> <span class='ocrx_word' id='word_1_75' title='bbox 483 1548 512 1616; x_wconf 88' lang='lat' dir='ltr'>si</span> <span class='ocrx_word' id='word_1_76' title='bbox 525 1549 603 1640; x_wconf 88' lang='lat' dir='ltr'>quis</span> <span class='ocrx_word' id='word_1_77' title='bbox 614 1548 847 1617; x_wconf 79' lang='lat' dir='ltr'>observaverit</span> <span class='ocrx_word' id='word_1_78' title='bbox 861 1545 985 1616; x_wconf 84' lang='lat' dir='ltr'>nudari</span> <span class='ocrx_word' id='word_1_79' title='bbox 998 1547 1098 1614; x_wconf 85' lang='lat' dir='ltr'>litora</span> <span class='ocrx_word' id='word_1_80' title='bbox 1111 1571 1174 1640; x_wconf 85' lang='lat' dir='ltr'>pe·</span> <span class='ocrx_word' id='word_1_81' title='bbox 1201 1546 1217 1610; x_wconf 81' lang='lat'><strong><em>4</em></strong></span> 
     </span>
     <span class='ocr_line' id='line_1_11' title="bbox 97 1661 1265 1758; baseline 0.002 -28"><span class='ocrx_word' id='word_1_82' title='bbox 97 1663 176 1758; x_wconf 80' lang='lat' dir='ltr'>lage</span> <span class='ocrx_word' id='word_1_83' title='bbox 196 1664 234 1730; x_wconf 94' lang='lat' dir='ltr'>in</span> <span class='ocrx_word' id='word_1_84' title='bbox 253 1687 291 1730; x_wconf 90' lang='lat' dir='ltr'>se</span> <span class='ocrx_word' id='word_1_85' title='bbox 310 1661 515 1746; x_wconf 84' lang='lat' dir='ltr'>recedente,</span> <span class='ocrx_word' id='word_1_86' title='bbox 537 1663 725 1757; x_wconf 82' lang='lat' dir='ltr'>eademque</span> <span class='ocrx_word' id='word_1_87' title='bbox 745 1666 836 1734; x_wconf 83' lang='lat' dir='ltr'>intra</span> <span class='ocrx_word' id='word_1_88' title='bbox 862 1665 1023 1757; x_wconf 84' lang='lat' dir='ltr'>exiguum</span> <span class='ocrx_word' id='word_1_89' title='bbox 1043 1679 1176 1757; x_wconf 88' lang='lat' dir='ltr'>tempus</span> <span class='ocrx_word' id='word_1_90' title='bbox 1263 1687 1265 1692; x_wconf 88' lang='lat'>·</span> 
     </span>
     <span class='ocr_line' id='line_1_12' title="bbox 99 1775 1176 1870; baseline 0.002 -26"><span class='ocrx_word' id='word_1_91' title='bbox 99 1777 253 1869; x_wconf 84' lang='lat' dir='ltr'>operiri,</span> <span class='ocrx_word' id='word_1_92' title='bbox 274 1775 393 1844; x_wconf 85' lang='lat' dir='ltr'>credet</span> <span class='ocrx_word' id='word_1_93' title='bbox 405 1799 495 1846; x_wconf 80' lang='lat' dir='ltr'>caeca</span> <span class='ocrx_word' id='word_1_94' title='bbox 513 1776 660 1870; x_wconf 82' lang='lat' dir='ltr'>quadam</span> <span class='ocrx_word' id='word_1_95' title='bbox 677 1778 885 1848; x_wconf 85' lang='lat' dir='ltr'>volutatione</span> <span class='ocrx_word' id='word_1_96' title='bbox 903 1775 1002 1846; x_wconf 88' lang='lat' dir='ltr'>modo</span> <span class='ocrx_word' id='word_1_97' title='bbox 1020 1778 1176 1846; x_wconf 81' lang='lat' dir='ltr'>contrahi</span> 
     </span>
    </p>
   </div>
   <div class='ocr_carea' id='block_1_3' title="bbox 100 1893 1176 1989">
    <p class='ocr_par' dir='ltr' id='par_1_3' title="bbox 100 1893 1176 1989">
     <span class='ocr_line' id='line_1_13' title="bbox 100 1893 1176 1989; baseline 0.002 -27"><span class='ocrx_word' id='word_1_98' title='bbox 100 1893 233 1976; x_wconf 82' lang='lat' dir='ltr'>undas,</span> <span class='ocrx_word' id='word_1_99' title='bbox 246 1911 283 1962; x_wconf 88' lang='lat' dir='ltr'>et</span> <span class='ocrx_word' id='word_1_100' title='bbox 291 1895 475 1962; x_wconf 83' lang='lat' dir='ltr'>introrsum</span> <span class='ocrx_word' id='word_1_101' title='bbox 485 1896 541 1988; x_wconf 80' lang='lat' dir='ltr'>agi</span> <span class='ocrx_word' id='word_1_102' title='bbox 554 1944 564 1976; x_wconf 91' lang='lat'>,</span> <span class='ocrx_word' id='word_1_103' title='bbox 577 1893 677 1963; x_wconf 91' lang='lat' dir='ltr'>modo</span> <span class='ocrx_word' id='word_1_104' title='bbox 688 1919 881 1989; x_wconf 87' lang='lat' dir='ltr'>erumpere,</span> <span class='ocrx_word' id='word_1_105' title='bbox 894 1911 929 1963; x_wconf 89' lang='lat' dir='ltr'>et</span> <span class='ocrx_word' id='word_1_106' title='bbox 938 1919 1060 1988; x_wconf 82' lang='lat' dir='ltr'>magno</span> <span class='ocrx_word' id='word_1_107' title='bbox 1073 1919 1176 1964; x_wconf 88' lang='lat' dir='ltr'>cursu</span> 
     </span>
    </p>
   </div>
   <div class='ocr_carea' id='block_1_4' title="bbox 101 2009 1177 2222">
    <p class='ocr_par' dir='ltr' id='par_1_4' title="bbox 101 2009 1177 2222">
     <span class='ocr_line' id='line_1_14' title="bbox 101 2009 1177 2105; baseline 0 -25"><span class='ocrx_word' id='word_1_108' title='bbox 101 2027 262 2104; x_wconf 86' lang='lat' dir='ltr'>repetere</span> <span class='ocrx_word' id='word_1_109' title='bbox 274 2009 389 2079; x_wconf 85' lang='lat' dir='ltr'>sedem</span> <span class='ocrx_word' id='word_1_110' title='bbox 401 2035 496 2078; x_wconf 86' lang='lat' dir='ltr'>suam</span> <span class='ocrx_word' id='word_1_111' title='bbox 510 2037 517 2076; x_wconf 93' lang='lat'>:</span> <span class='ocrx_word' id='word_1_112' title='bbox 530 2036 637 2102; x_wconf 90' lang='lat' dir='ltr'>quum</span> <span class='ocrx_word' id='word_1_113' title='bbox 650 2011 716 2080; x_wconf 87' lang='lat' dir='ltr'>illae</span> <span class='ocrx_word' id='word_1_114' title='bbox 731 2014 868 2080; x_wconf 89' lang='lat' dir='ltr'>interim</span> <span class='ocrx_word' id='word_1_115' title='bbox 881 2013 1095 2105; x_wconf 89' lang='lat' dir='ltr'>portionibus</span> <span class='ocrx_word' id='word_1_116' title='bbox 1107 2036 1177 2080; x_wconf 91' lang='lat' dir='ltr'>cre·</span> 
     </span>
     <span class='ocr_line' id='line_1_15' title="bbox 102 2125 1176 2222; baseline 0.001 -27"><span class='ocrx_word' id='word_1_117' title='bbox 102 2144 225 2209; x_wconf 84' lang='lat' dir='ltr'>scunt,</span> <span class='ocrx_word' id='word_1_118' title='bbox 246 2143 281 2195; x_wconf 85' lang='lat' dir='ltr'>et</span> <span class='ocrx_word' id='word_1_119' title='bbox 299 2125 343 2195; x_wconf 87' lang='lat' dir='ltr'>ad</span> <span class='ocrx_word' id='word_1_120' title='bbox 362 2128 480 2195; x_wconf 84' lang='lat' dir='ltr'>horam</span> <span class='ocrx_word' id='word_1_121' title='bbox 500 2151 541 2194; x_wconf 88' lang='lat' dir='ltr'>ac</span> <span class='ocrx_word' id='word_1_122' title='bbox 568 2125 658 2198; x_wconf 87' lang='lat' dir='ltr'>diem</span> <span class='ocrx_word' id='word_1_123' title='bbox 675 2128 843 2210; x_wconf 91' lang='lat' dir='ltr'>subeunt,</span> <span class='ocrx_word' id='word_1_124' title='bbox 865 2129 1047 2222; x_wconf 85' lang='lat' dir='ltr'>ampliores</span> <span class='ocrx_word' id='word_1_125' title='bbox 1064 2130 1176 2198; x_wconf 91' lang='lat' dir='ltr'>mino·</span> 
     </span>
    </p>
   </div>
   <div class='ocr_carea' id='block_1_5' title="bbox 103 2242 1177 2450">
    <p class='ocr_par' dir='ltr' id='par_1_5' title="bbox 103 2242 1177 2450">
     <span class='ocr_line' id='line_1_16' title="bbox 103 2242 1177 2338; baseline 0.001 -26"><span class='ocrx_word' id='word_1_126' title='bbox 103 2267 229 2335; x_wconf 87' lang='lat' dir='ltr'>resque</span> <span class='ocrx_word' id='word_1_127' title='bbox 243 2258 345 2336; x_wconf 91' lang='lat' dir='ltr'>prout</span> <span class='ocrx_word' id='word_1_128' title='bbox 354 2243 430 2310; x_wconf 86' lang='lat' dir='ltr'>illas</span> <span class='ocrx_word' id='word_1_129' title='bbox 440 2242 561 2311; x_wconf 88' lang='lat' dir='ltr'>lunare</span> <span class='ocrx_word' id='word_1_130' title='bbox 574 2242 669 2312; x_wconf 88' lang='lat' dir='ltr'>sidus</span> <span class='ocrx_word' id='word_1_131' title='bbox 683 2244 812 2327; x_wconf 86' lang='lat' dir='ltr'>elicuit,</span> <span class='ocrx_word' id='word_1_132' title='bbox 829 2242 873 2313; x_wconf 82' lang='lat' dir='ltr'>ad</span> <span class='ocrx_word' id='word_1_133' title='bbox 887 2245 984 2338; x_wconf 88' lang='lat' dir='ltr'>cnjus</span> <span class='ocrx_word' id='word_1_134' title='bbox 997 2245 1177 2314; x_wconf 87' lang='lat' dir='ltr'>arbitrium</span> 
     </span>
     <span class='ocr_line' id='line_1_17' title="bbox 103 2354 1176 2450; baseline -0.003 -23"><span class='ocrx_word' id='word_1_135' title='bbox 103 2357 265 2427; x_wconf 79' lang='lat' dir='ltr'>Oceanus</span> <span class='ocrx_word' id='word_1_136' title='bbox 283 2354 445 2425; x_wconf 83' lang='lat' dir='ltr'>exundat.</span> <span class='ocrx_word' id='word_1_137' title='bbox 466 2357 533 2424; x_wconf 90' lang='lat' dir='ltr'>Suo</span> <span class='ocrx_word' id='word_1_138' title='bbox 546 2357 612 2426; x_wconf 83' lang='lat' dir='ltr'>ista</span> <span class='ocrx_word' id='word_1_139' title='bbox 624 2358 768 2450; x_wconf 87' lang='lat' dir='ltr'>tempori</span> <span class='ocrx_word' id='word_1_140' title='bbox 783 2373 1025 2426; x_wconf 84' lang='lat' dir='ltr'>reserventur:</span> <span class='ocrx_word' id='word_1_141' title='bbox 1040 2382 1081 2426; x_wconf 87' lang='lat' dir='ltr'>co</span> <span class='ocrx_word' id='word_1_142' title='bbox 1096 2359 1176 2450; x_wconf 93' lang='lat' dir='ltr'>qui·</span> 
     </span>
    </p>
   </div>
   <div class='ocr_carea' id='block_1_6' title="bbox 100 2472 1175 2688">
    <p class='ocr_par' dir='ltr' id='par_1_6' title="bbox 100 2472 1175 2688">
     <span class='ocr_line' id='line_1_18' title="bbox 101 2472 1175 2568; baseline 0 -24"><span class='ocrx_word' id='word_1_143' title='bbox 101 2476 181 2544; x_wconf 87' lang='lat' dir='ltr'>dem</span> <span class='ocrx_word' id='word_1_144' title='bbox 193 2475 322 2568; x_wconf 77' lang='lat' dir='ltr'>magis,</span> <span class='ocrx_word' id='word_1_145' title='bbox 339 2473 433 2567; x_wconf 91' lang='lat' dir='ltr'>quod</span> <span class='ocrx_word' id='word_1_146' title='bbox 443 2490 479 2542; x_wconf 91' lang='lat' dir='ltr'>tu</span> <span class='ocrx_word' id='word_1_147' title='bbox 491 2498 559 2542; x_wconf 92' lang='lat' dir='ltr'>non</span> <span class='ocrx_word' id='word_1_148' title='bbox 569 2473 705 2542; x_wconf 82' lang='lat' dir='ltr'>dubitas</span> <span class='ocrx_word' id='word_1_149' title='bbox 717 2474 760 2542; x_wconf 88' lang='lat' dir='ltr'>de</span> <span class='ocrx_word' id='word_1_150' title='bbox 769 2472 1008 2558; x_wconf 86' lang='lat' dir='ltr'>Providentia,</span> <span class='ocrx_word' id='word_1_151' title='bbox 1022 2475 1082 2544; x_wconf 86' lang='lat' dir='ltr'>sed</span> <span class='ocrx_word' id='word_1_152' title='bbox 1089 2500 1175 2568; x_wconf 89' lang='lat' dir='ltr'>que-</span> 
     </span>
     <span class='ocr_line' id='line_1_19' title="bbox 100 2589 1175 2688; baseline -0.001 -27"><span class='ocrx_word' id='word_1_153' title='bbox 100 2594 201 2661; x_wconf 89' lang='lat' dir='ltr'>reris.</span> <span class='ocrx_word' id='word_1_154' title='bbox 218 2595 258 2660; x_wconf 92' lang='lat' dir='ltr'>In</span> <span class='ocrx_word' id='word_1_155' title='bbox 268 2593 412 2684; x_wconf 74' lang='lat' dir='ltr'>gretim</span> <span class='ocrx_word' id='word_1_156' title='bbox 427 2608 460 2658; x_wconf 89' lang='lat' dir='ltr'>te</span> <span class='ocrx_word' id='word_1_157' title='bbox 475 2589 635 2660; x_wconf 81' lang='lat' dir='ltr'>reducam</span> <span class='ocrx_word' id='word_1_158' title='bbox 650 2615 727 2664; x_wconf 86' lang='lat' dir='ltr'>cum</span> <span class='ocrx_word' id='word_1_159' title='bbox 740 2593 838 2677; x_wconf 90' lang='lat' dir='ltr'>Diis,</span> <span class='ocrx_word' id='word_1_160' title='bbox 855 2589 1018 2662; x_wconf 84' lang='lat' dir='ltr'>adversus</span> <span class='ocrx_word' id='word_1_161' title='bbox 1031 2595 1175 2688; x_wconf 88' lang='lat' dir='ltr'>optimos</span> 
     </span>
    </p>
   </div>
   <div class='ocr_carea' id='block_1_7' title="bbox 96 2780 1182 4344">
    <p class='ocr_par' dir='ltr' id='par_1_7' title="bbox 96 2780 1182 4344">
     <span class='ocr_line' id='line_1_20' title="bbox 96 2780 1174 2855; baseline -0.003 -19"><span class='ocrx_word' id='word_1_162' title='bbox 96 2803 204 2836; x_wconf 78' lang='lat' dir='ltr'>manum</span> <span class='ocrx_word' id='word_1_163' title='bbox 218 2785 359 2855; x_wconf 83' lang='lat' dir='ltr'>imponeret</span> <span class='ocrx_word' id='word_1_164' title='bbox 377 2784 424 2849; x_wconf 81' lang='lat' dir='ltr'>(lo</span> <span class='ocrx_word' id='word_1_165' title='bbox 434 2780 613 2848; x_wconf 59' lang='lat' dir='ltr'>Naeuam-</span> <span class='ocrx_word' id='word_1_166' title='bbox 662 2783 802 2837; x_wconf 68' lang='lat' dir='ltr'>undantem</span> <span class='ocrx_word' id='word_1_167' title='bbox 810 2787 896 2854; x_wconf 79' lang='lat' dir='ltr'>ruptis</span> <span class='ocrx_word' id='word_1_168' title='bbox 904 2784 1048 2837; x_wconf 77' lang='lat' dir='ltr'>fornacibus</span> <span class='ocrx_word' id='word_1_169' title='bbox 1056 2783 1174 2847; x_wconf 61' lang='lat' dir='ltr'>Alituum,</span> 
     </span>
     <span class='ocr_line' id='line_1_21' title="bbox 97 2861 1175 2934; baseline -0.001 -20"><span class='ocrx_word' id='word_1_170' title='bbox 97 2861 164 2914; x_wconf 79' lang='lat' dir='ltr'>titur</span> <span class='ocrx_word' id='word_1_171' title='bbox 174 2863 274 2914; x_wconf 71' lang='lat' dir='ltr'>Nature</span> <span class='ocrx_word' id='word_1_172' title='bbox 662 2861 887 2934; x_wconf 78' lang='lat' dir='ltr'>Flnmmsrnmque</span> <span class='ocrx_word' id='word_1_173' title='bbox 911 2861 1000 2934; x_wconf 74' lang='lat' dir='ltr'>globos</span> <span class='ocrx_word' id='word_1_174' title='bbox 1026 2861 1175 2930; x_wconf 72' lang='lat' dir='ltr'>liquefacta-</span> 
     </span>
     <span class='ocr_line' id='line_1_22' title="bbox 98 2934 927 3012; baseline -0.006 -21"><span class='ocrx_word' id='word_1_175' title='bbox 98 2949 615 3000; x_wconf 60' lang='lat' dir='ltr'>Enlmerdamngheddestoretslnnonbnblee·</span> <span class='ocrx_word' id='word_1_176' title='bbox 663 2961 712 3012; x_wconf 75' lang='lat' dir='ltr'>que</span> <span class='ocrx_word' id='word_1_177' title='bbox 725 2934 827 2994; x_wconf 59' lang='lat' dir='ltr'>volvere</span> <span class='ocrx_word' id='word_1_178' title='bbox 839 2959 904 2993; x_wconf 74' lang='lat' dir='ltr'>sm.</span> <span class='ocrx_word' id='word_1_179' title='bbox 914 2961 927 2986; x_wconf 76' lang='lat' dir='ltr'>n</span> 
     </span>
     <span class='ocr_line' id='line_1_23' title="bbox 136 3012 1175 3095; baseline -0.011 -20"><span class='ocrx_word' id='word_1_180' title='bbox 136 3015 378 3076; x_wconf 75' lang='lat' dir='ltr'>r.Eliscmm.Vox</span> <span class='ocrx_word' id='word_1_181' title='bbox 392 3042 469 3095; x_wconf 80' lang='lat' dir='ltr'>quem</span> <span class='ocrx_word' id='word_1_182' title='bbox 486 3035 614 3075; x_wconf 77' lang='lat' dir='ltr'>mutuatus</span> <span class='ocrx_word' id='word_1_183' title='bbox 696 3019 720 3072; x_wconf 82' lang='lat'>3.</span> <span class='ocrx_word' id='word_1_184' title='bbox 739 3019 858 3072; x_wconf 82' lang='lat' dir='ltr'>Calentes</span> <span class='ocrx_word' id='word_1_185' title='bbox 880 3035 966 3087; x_wconf 76' lang='grc' dir='ltr'>αᾳιιιε,</span> <span class='ocrx_word' id='word_1_186' title='bbox 983 3015 1022 3067; x_wconf 85' lang='lat' dir='ltr'>Cl.</span> <span class='ocrx_word' id='word_1_187' title='bbox 1042 3013 1110 3067; x_wconf 84' lang='lat' dir='ltr'>Plin.</span> <span class='ocrx_word' id='word_1_188' title='bbox 1131 3012 1175 3065; x_wconf 89' lang='lat' dir='ltr'>lib.</span> 
     </span>
     <span class='ocr_line' id='line_1_24' title="bbox 101 3094 972 3174; baseline -0.007 -22"><span class='ocrx_word' id='word_1_189' title='bbox 101 3115 137 3152; x_wconf 79' lang='lat' dir='ltr'>est</span> <span class='ocrx_word' id='word_1_190' title='bbox 149 3101 244 3154; x_wconf 78' lang='lat' dir='ltr'>Noster</span> <span class='ocrx_word' id='word_1_191' title='bbox 254 3121 269 3153; x_wconf 78' lang='lat' dir='ltr'>e</span> <span class='ocrx_word' id='word_1_192' title='bbox 280 3101 368 3174; x_wconf 86' lang='lat' dir='ltr'>poetis.</span> <span class='ocrx_word' id='word_1_193' title='bbox 380 3101 459 3153; x_wconf 74' lang='lat' dir='ltr'>Ettdi</span> <span class='ocrx_word' id='word_1_194' title='bbox 470 3101 538 3153; x_wconf 90' lang='lat' dir='ltr'>enim</span> <span class='ocrx_word' id='word_1_195' title='bbox 550 3120 617 3173; x_wconf 87' lang='lat' dir='ltr'>pro-</span> <span class='ocrx_word' id='word_1_196' title='bbox 665 3095 706 3159; x_wconf 85' lang='lat' dir='ltr'>ll,</span> <span class='ocrx_word' id='word_1_197' title='bbox 719 3115 772 3169; x_wconf 80' lang='lat' dir='ltr'>cap.</span> <span class='ocrx_word' id='word_1_198' title='bbox 788 3095 850 3159; x_wconf 80' lang='lat' dir='ltr'>rob,</span> <span class='ocrx_word' id='word_1_199' title='bbox 864 3095 903 3148; x_wconf 70' lang='lat' dir='ltr'>etl.</span> <span class='ocrx_word' id='word_1_200' title='bbox 914 3094 972 3168; x_wconf 91' lang='lat' dir='ltr'>Bip.</span> 
     </span>
     <span class='ocr_line' id='line_1_25' title="bbox 101 3171 1178 3252; baseline -0.006 -21"><span class='ocrx_word' id='word_1_201' title='bbox 101 3179 159 3252; x_wconf 89' lang='lat' dir='ltr'>prio</span> <span class='ocrx_word' id='word_1_202' title='bbox 172 3198 248 3230; x_wconf 81' lang='lat' dir='ltr'>sensu</span> <span class='ocrx_word' id='word_1_203' title='bbox 262 3191 323 3232; x_wconf 82' lang='lat' dir='ltr'>este</span> <span class='ocrx_word' id='word_1_204' title='bbox 338 3199 365 3230; x_wconf 89' lang='lat' dir='ltr'>re</span> <span class='ocrx_word' id='word_1_205' title='bbox 381 3178 465 3250; x_wconf 76' lang='lat' dir='ltr'>eliqua</span> <span class='ocrx_word' id='word_1_206' title='bbox 476 3180 534 3250; x_wconf 77' lang='lat' dir='ltr'>ejici</span> <span class='ocrx_word' id='word_1_207' title='bbox 545 3180 616 3252; x_wconf 72' lang='lat' dir='ltr'>cujus</span> <span class='ocrx_word' id='word_1_208' title='bbox 699 3176 723 3241; x_wconf 92' lang='grc'>4.</span> <span class='ocrx_word' id='word_1_209' title='bbox 746 3174 783 3225; x_wconf 83' lang='lat' dir='ltr'>In</span> <span class='ocrx_word' id='word_1_210' title='bbox 806 3185 890 3226; x_wconf 80' lang='lat' dir='ltr'>vasto.</span> <span class='ocrx_word' id='word_1_211' title='bbox 912 3171 974 3226; x_wconf 75' lang='lat' dir='ltr'>llaec</span> <span class='ocrx_word' id='word_1_212' title='bbox 992 3189 1038 3242; x_wconf 81' lang='lat' dir='ltr'>pro</span> <span class='ocrx_word' id='word_1_213' title='bbox 1056 3172 1083 3221; x_wconf 73' lang='lat' dir='ltr'>ln</span> <span class='ocrx_word' id='word_1_214' title='bbox 1101 3178 1178 3221; x_wconf 72' lang='lat' dir='ltr'>vaslo</span> 
     </span>
     <span class='ocr_line' id='line_1_26' title="bbox 103 3251 1178 3329; baseline -0.01 -20"><span class='ocrx_word' id='word_1_215' title='bbox 103 3275 195 3329; x_wconf 67' lang='lat' dir='ltr'>presse</span> <span class='ocrx_word' id='word_1_216' title='bbox 214 3255 241 3306; x_wconf 81' lang='lat' dir='ltr'>vi</span> <span class='ocrx_word' id='word_1_217' title='bbox 256 3254 339 3310; x_wconf 75' lang='lat' dir='ltr'>mults</span> <span class='ocrx_word' id='word_1_218' title='bbox 356 3255 408 3307; x_wconf 73' lang='lat' dir='ltr'>elno</span> <span class='ocrx_word' id='word_1_219' title='bbox 421 3255 498 3308; x_wconf 72' lang='lat' dir='ltr'>latera</span> <span class='ocrx_word' id='word_1_220' title='bbox 515 3256 616 3307; x_wconf 84' lang='lat' dir='ltr'>coiere:</span> <span class='ocrx_word' id='word_1_221' title='bbox 666 3254 739 3304; x_wconf 79' lang='lat' dir='ltr'>mori</span> <span class='ocrx_word' id='word_1_222' title='bbox 753 3251 863 3324; x_wconf 86' lang='lat' dir='ltr'>positum</span> <span class='ocrx_word' id='word_1_223' title='bbox 874 3251 1131 3323; x_wconf 79' lang='lat' dir='ltr'>pstet‚ut1&#39;nalto,</span> <span class='ocrx_word' id='word_1_224' title='bbox 1150 3251 1178 3298; x_wconf 79' lang='lat' dir='ltr'>in</span> 
     </span>
     <span class='ocr_line' id='line_1_27' title="bbox 103 3331 870 3406; baseline -0.007 -22"><span class='ocrx_word' id='word_1_225' title='bbox 103 3333 178 3402; x_wconf 78' lang='lat' dir='ltr'>quasi</span> <span class='ocrx_word' id='word_1_226' title='bbox 197 3351 287 3406; x_wconf 85' lang='lat' dir='ltr'>nempe</span> <span class='ocrx_word' id='word_1_227' title='bbox 309 3353 322 3384; x_wconf 90' lang='lat' dir='ltr'>e</span> <span class='ocrx_word' id='word_1_228' title='bbox 346 3331 431 3397; x_wconf 86' lang='lat' dir='ltr'>nube,</span> <span class='ocrx_word' id='word_1_229' title='bbox 457 3332 490 3384; x_wconf 83' lang='lat' dir='ltr'>its</span> <span class='ocrx_word' id='word_1_230' title='bbox 511 3331 618 3385; x_wconf 78' lang='lat' dir='ltr'>firmiter</span> <span class='ocrx_word' id='word_1_231' title='bbox 667 3333 810 3396; x_wconf 80' lang='lat' dir='ltr'>immenso,</span> <span class='ocrx_word' id='word_1_232' title='bbox 824 3342 870 3381; x_wconf 89' lang='lat' dir='ltr'>etc.</span> 
     </span>
     <span class='ocr_line' id='line_1_28' title="bbox 102 3405 1178 3484; baseline -0.007 -21"><span class='ocrx_word' id='word_1_233' title='bbox 102 3430 189 3484; x_wconf 76' lang='lat' dir='ltr'>pressa</span> <span class='ocrx_word' id='word_1_234' title='bbox 200 3423 229 3462; x_wconf 84' lang='lat' dir='ltr'>ut</span> <span class='ocrx_word' id='word_1_235' title='bbox 245 3429 345 3462; x_wconf 79' lang='lat' dir='ltr'>summe</span> <span class='ocrx_word' id='word_1_236' title='bbox 361 3429 417 3484; x_wconf 81' lang='lat' dir='ltr'>pars</span> <span class='ocrx_word' id='word_1_237' title='bbox 436 3409 505 3463; x_wconf 86' lang='lat' dir='ltr'>illius</span> <span class='ocrx_word' id='word_1_238' title='bbox 523 3423 547 3464; x_wconf 83' lang='lat' dir='ltr'>et</span> <span class='ocrx_word' id='word_1_239' title='bbox 566 3411 617 3462; x_wconf 81' lang='lat' dir='ltr'>ime</span> <span class='ocrx_word' id='word_1_240' title='bbox 701 3407 775 3459; x_wconf 61' lang='lat' dir='ltr'>&amp;Er</span> <span class='ocrx_word' id='word_1_241' title='bbox 786 3425 852 3458; x_wconf 81' lang='lat' dir='ltr'>nova</span> <span class='ocrx_word' id='word_1_242' title='bbox 869 3408 1017 3458; x_wconf 81' lang='lat' dir='ltr'>insularum</span> <span class='ocrx_word' id='word_1_243' title='bbox 1019 3440 1067 3458; x_wconf 87' lang='grc'><strong><em>......</em></strong></span> <span class='ocrx_word' id='word_1_244' title='bbox 1081 3405 1178 3472; x_wconf 78' lang='lat' dir='ltr'>spatia.</span> 
     </span>
     <span class='ocr_line' id='line_1_29' title="bbox 102 3483 1178 3559; baseline -0.007 -17"><span class='ocrx_word' id='word_1_245' title='bbox 102 3489 278 3552; x_wconf 61' lang='lat' dir='ltr'>edbertum,</span> <span class='ocrx_word' id='word_1_246' title='bbox 301 3487 401 3544; x_wconf 78' lang='lat' dir='ltr'>fulmen</span> <span class='ocrx_word' id='word_1_247' title='bbox 419 3487 545 3540; x_wconf 81' lang='lat' dir='ltr'>emicaret.</span> <span class='ocrx_word' id='word_1_248' title='bbox 557 3488 620 3542; x_wconf 82' lang='lat' dir='ltr'>Haec</span> <span class='ocrx_word' id='word_1_249' title='bbox 668 3487 722 3559; x_wconf 86' lang='lat' dir='ltr'>lpse</span> <span class='ocrx_word' id='word_1_250' title='bbox 738 3485 796 3536; x_wconf 80' lang='lat' dir='ltr'>Nat.</span> <span class='ocrx_word' id='word_1_251' title='bbox 810 3483 906 3552; x_wconf 72' lang='lat' dir='ltr'>Quest.</span> <span class='ocrx_word' id='word_1_252' title='bbox 926 3483 968 3536; x_wconf 91' lang='lat' dir='ltr'>lib.</span> <span class='ocrx_word' id='word_1_253' title='bbox 981 3484 1036 3548; x_wconf 85' lang='lat' dir='ltr'>vl,</span> <span class='ocrx_word' id='word_1_254' title='bbox 1057 3501 1110 3554; x_wconf 77' lang='lat' dir='ltr'>cap.</span> <span class='ocrx_word' id='word_1_255' title='bbox 1130 3498 1178 3534; x_wconf 78' lang='lat' dir='ltr'>nr:</span> 
     </span>
     <span class='ocr_line' id='line_1_30' title="bbox 102 3557 1179 3640; baseline -0.01 -20"><span class='ocrx_word' id='word_1_256' title='bbox 102 3568 208 3638; x_wconf 80' lang='lat' dir='ltr'>quidem</span> <span class='ocrx_word' id='word_1_257' title='bbox 217 3567 375 3640; x_wconf 67' lang='lat' dir='ltr'>opinioei-et,</span> <span class='ocrx_word' id='word_1_258' title='bbox 383 3579 411 3618; x_wconf 89' lang='lat' dir='ltr'>ut</span> <span class='ocrx_word' id='word_1_259' title='bbox 419 3566 567 3638; x_wconf 85' lang='lat' dir='ltr'>plurimum,</span> <span class='ocrx_word' id='word_1_260' title='bbox 576 3585 620 3617; x_wconf 78' lang='lat' dir='ltr'>ae-</span> <span class='ocrx_word' id='word_1_261' title='bbox 670 3589 684 3612; x_wconf 82' lang='grc' dir='ltr'>ιι</span> <span class='ocrx_word' id='word_1_262' title='bbox 705 3563 815 3616; x_wconf 77' lang='lat' dir='ltr'>&#39;lberam</span> <span class='ocrx_word' id='word_1_263' title='bbox 838 3575 862 3614; x_wconf 88' lang='lat' dir='ltr'>et</span> <span class='ocrx_word' id='word_1_264' title='bbox 884 3561 1049 3626; x_wconf 75' lang='lat' dir='ltr'>Therasiam,</span> <span class='ocrx_word' id='word_1_265' title='bbox 1068 3573 1092 3612; x_wconf 89' lang='lat' dir='ltr'>et</span> <span class='ocrx_word' id='word_1_266' title='bbox 1114 3557 1179 3610; x_wconf 79' lang='lat' dir='ltr'>bane</span> 
     </span>
     <span class='ocr_line' id='line_1_31' title="bbox 102 3636 1179 3723; baseline -0.012 -22"><span class='ocrx_word' id='word_1_267' title='bbox 102 3647 399 3723; x_wconf 80' lang='lat' dir='ltr'>teptnntiquis‚qnippe</span> <span class='ocrx_word' id='word_1_268' title='bbox 406 3646 459 3718; x_wconf 84' lang='lat' dir='ltr'>qui,</span> <span class='ocrx_word' id='word_1_269' title='bbox 467 3645 620 3698; x_wconf 78' lang='lat' dir='ltr'>naturalium</span> <span class='ocrx_word' id='word_1_270' title='bbox 670 3654 761 3695; x_wconf 75' lang='lat' dir='ltr'>nostrae</span> <span class='ocrx_word' id='word_1_271' title='bbox 774 3641 853 3695; x_wconf 82' lang='lat' dir='ltr'>aetatis</span> <span class='ocrx_word' id='word_1_272' title='bbox 867 3640 994 3708; x_wconf 80' lang='lat' dir='ltr'>insulem,</span> <span class='ocrx_word' id='word_1_273' title='bbox 1012 3636 1179 3714; x_wconf 75' lang='lat' dir='ltr'>spectantibus</span> 
     </span>
     <span class='ocr_line' id='line_1_32' title="bbox 103 3715 1181 3799; baseline -0.011 -20"><span class='ocrx_word' id='word_1_274' title='bbox 103 3725 190 3780; x_wconf 79' lang='lat' dir='ltr'>rernm</span> <span class='ocrx_word' id='word_1_275' title='bbox 197 3745 287 3799; x_wconf 79' lang='lat' dir='ltr'>parum</span> <span class='ocrx_word' id='word_1_276' title='bbox 295 3725 383 3798; x_wconf 74' lang='lat' dir='ltr'>gusti,</span> <span class='ocrx_word' id='word_1_277' title='bbox 395 3723 568 3795; x_wconf 83' lang='lat' dir='ltr'>eeonjeeturis</span> <span class='ocrx_word' id='word_1_278' title='bbox 576 3743 620 3796; x_wconf 91' lang='lat' dir='ltr'>po·</span> <span class='ocrx_word' id='word_1_279' title='bbox 669 3719 759 3785; x_wconf 86' lang='lat' dir='ltr'>nobis,</span> <span class='ocrx_word' id='word_1_280' title='bbox 772 3719 857 3791; x_wconf 75' lang='lat' dir='ltr'>AEgeo</span> <span class='ocrx_word' id='word_1_281' title='bbox 869 3720 1047 3782; x_wconf 78' lang='lat' dir='ltr'>marimum,</span> <span class='ocrx_word' id='word_1_282' title='bbox 1060 3716 1115 3787; x_wconf 85' lang='lat' dir='ltr'>quis</span> <span class='ocrx_word' id='word_1_283' title='bbox 1127 3715 1181 3768; x_wconf 89' lang='lat' dir='ltr'>du-</span> 
     </span>
     <span class='ocr_line' id='line_1_33' title="bbox 101 3793 1178 3872; baseline -0.015 -14"><span class='ocrx_word' id='word_1_284' title='bbox 101 3801 253 3858; x_wconf 75' lang='lat' dir='ltr'>timmnndi</span> <span class='ocrx_word' id='word_1_285' title='bbox 261 3802 455 3872; x_wconf 71' lang='lat' dir='ltr'>mannassequi</span> <span class='ocrx_word' id='word_1_286' title='bbox 463 3813 621 3854; x_wconf 75' lang='lat' dir='ltr'>tentaverant</span> <span class='ocrx_word' id='word_1_287' title='bbox 668 3795 753 3852; x_wconf 77' lang='lat' dir='ltr'>bitat?</span> <span class='ocrx_word' id='word_1_288' title='bbox 771 3810 817 3850; x_wconf 87' lang='lat' dir='ltr'>ete.</span> <span class='ocrx_word' id='word_1_289' title='bbox 831 3821 844 3843; x_wconf 76' lang='grc' dir='ltr'>ιι</span> <span class='ocrx_word' id='word_1_290' title='bbox 862 3796 972 3848; x_wconf 80' lang='lat' dir='ltr'>Consule</span> <span class='ocrx_word' id='word_1_291' title='bbox 984 3809 1103 3870; x_wconf 81' lang='lat' dir='ltr'>praeteres</span> <span class='ocrx_word' id='word_1_292' title='bbox 1120 3793 1178 3845; x_wconf 86' lang='lat' dir='ltr'>Liv.</span> 
     </span>
     <span class='ocr_line' id='line_1_34' title="bbox 103 3871 1180 3958; baseline -0.015 -21"><span class='ocrx_word' id='word_1_293' title='bbox 103 3903 184 3958; x_wconf 78' lang='lat' dir='ltr'>qnam</span> <span class='ocrx_word' id='word_1_294' title='bbox 198 3904 230 3935; x_wconf 81' lang='lat' dir='ltr'>ex</span> <span class='ocrx_word' id='word_1_295' title='bbox 246 3893 342 3934; x_wconf 77' lang='lat' dir='ltr'>attente</span> <span class='ocrx_word' id='word_1_296' title='bbox 358 3881 557 3947; x_wconf 66' lang='grc' dir='ltr'>τῶνφαινομένων</span> <span class='ocrx_word' id='word_1_297' title='bbox 574 3877 620 3930; x_wconf 87' lang='lat' dir='ltr'>ob-</span> <span class='ocrx_word' id='word_1_298' title='bbox 667 3876 713 3929; x_wconf 91' lang='lat' dir='ltr'>lib.</span> <span class='ocrx_word' id='word_1_299' title='bbox 726 3889 822 3938; x_wconf 82' lang='lat' dir='ltr'>xxxtx,</span> <span class='ocrx_word' id='word_1_300' title='bbox 834 3874 880 3926; x_wconf 88' lang='lat' dir='ltr'>sub</span> <span class='ocrx_word' id='word_1_301' title='bbox 891 3872 937 3926; x_wconf 85' lang='lat' dir='ltr'>fin.</span> <span class='ocrx_word' id='word_1_302' title='bbox 950 3874 994 3926; x_wconf 88' lang='lat' dir='ltr'>ubi</span> <span class='ocrx_word' id='word_1_303' title='bbox 1007 3873 1120 3943; x_wconf 82' lang='lat' dir='ltr'>ejusdem</span> <span class='ocrx_word' id='word_1_304' title='bbox 1131 3871 1180 3922; x_wconf 89' lang='lat' dir='ltr'>mi-</span> 
     </span>
     <span class='ocr_line' id='line_1_35' title="bbox 101 3949 1180 4027; baseline -0.014 -12"><span class='ocrx_word' id='word_1_305' title='bbox 101 3961 256 4016; x_wconf 82' lang='lat' dir='ltr'>semtione.</span> <span class='ocrx_word' id='word_1_306' title='bbox 667 3953 747 4006; x_wconf 75' lang='lat' dir='ltr'>retuli</span> <span class='ocrx_word' id='word_1_307' title='bbox 759 3952 884 4027; x_wconf 78' lang='lat' dir='ltr'>exemplet</span> <span class='ocrx_word' id='word_1_308' title='bbox 893 3963 1064 4015; x_wconf 78' lang='lat' dir='ltr'>memoretur,</span> <span class='ocrx_word' id='word_1_309' title='bbox 1077 3961 1101 4002; x_wconf 89' lang='lat' dir='ltr'>et</span> <span class='ocrx_word' id='word_1_310' title='bbox 1112 3949 1180 4001; x_wconf 84' lang='lat' dir='ltr'>Plin.</span> 
     </span>
     <span class='ocr_line' id='line_1_36' title="bbox 136 4027 1182 4109; baseline -0.014 -17"><span class='ocrx_word' id='word_1_311' title='bbox 136 4061 160 4093; x_wconf 74' lang='grc' dir='ltr'>ι.</span> <span class='ocrx_word' id='word_1_312' title='bbox 179 4039 305 4092; x_wconf 70' lang='lat' dir='ltr'>lucendio</span> <span class='ocrx_word' id='word_1_313' title='bbox 305 4073 380 4091; x_wconf 67' lang='lat'><strong>........</strong></span> <span class='ocrx_word' id='word_1_314' title='bbox 402 4036 497 4109; x_wconf 81' lang='lat' dir='ltr'>effusa.</span> <span class='ocrx_word' id='word_1_315' title='bbox 521 4034 621 4087; x_wconf 83' lang='lat' dir='ltr'>Montes</span> <span class='ocrx_word' id='word_1_316' title='bbox 671 4031 736 4085; x_wconf 85' lang='lat' dir='ltr'>llist.</span> <span class='ocrx_word' id='word_1_317' title='bbox 749 4035 783 4084; x_wconf 85' lang='lat' dir='ltr'>N.</span> <span class='ocrx_word' id='word_1_318' title='bbox 795 4030 840 4084; x_wconf 90' lang='lat' dir='ltr'>lib.</span> <span class='ocrx_word' id='word_1_319' title='bbox 852 4032 960 4103; x_wconf 75' lang='lat' dir='ltr'>ll‚esp.</span> <span class='ocrx_word' id='word_1_320' title='bbox 973 4027 1076 4101; x_wconf 77' lang='lat' dir='ltr'>89,etl.</span> <span class='ocrx_word' id='word_1_321' title='bbox 1087 4027 1145 4099; x_wconf 87' lang='lat' dir='ltr'>Bip.</span> <span class='ocrx_word' id='word_1_322' title='bbox 1157 4038 1182 4078; x_wconf 91' lang='lat' dir='ltr'>et</span> 
     </span>
     <span class='ocr_line' id='line_1_37' title="bbox 101 4109 893 4188; baseline -0.013 -19"><span class='ocrx_word' id='word_1_323' title='bbox 101 4117 166 4170; x_wconf 82' lang='lat' dir='ltr'>dicit</span> <span class='ocrx_word' id='word_1_324' title='bbox 178 4117 222 4188; x_wconf 87' lang='lat' dir='ltr'>qni</span> <span class='ocrx_word' id='word_1_325' title='bbox 237 4116 271 4168; x_wconf 84' lang='lat' dir='ltr'>ob</span> <span class='ocrx_word' id='word_1_326' title='bbox 285 4115 391 4168; x_wconf 83' lang='lat' dir='ltr'>vertices</span> <span class='ocrx_word' id='word_1_327' title='bbox 409 4115 554 4186; x_wconf 73' lang='lat' dir='ltr'>ignivomos</span> <span class='ocrx_word' id='word_1_328' title='bbox 576 4133 622 4166; x_wconf 88' lang='lat' dir='ltr'>no·</span> <span class='ocrx_word' id='word_1_329' title='bbox 670 4109 713 4163; x_wconf 90' lang='lat' dir='ltr'>lib.</span> <span class='ocrx_word' id='word_1_330' title='bbox 728 4111 775 4174; x_wconf 80' lang='lat' dir='ltr'>w,</span> <span class='ocrx_word' id='word_1_331' title='bbox 788 4129 842 4180; x_wconf 79' lang='lat' dir='ltr'>esp.</span> <span class='ocrx_word' id='word_1_332' title='bbox 856 4127 893 4160; x_wconf 83' lang='lat'>12.</span> 
     </span>
     <span class='ocr_line' id='line_1_38' title="bbox 102 4183 1182 4268; baseline -0.008 -23"><span class='ocrx_word' id='word_1_333' title='bbox 102 4195 141 4246; x_wconf 82' lang='lat' dir='ltr'>bis</span> <span class='ocrx_word' id='word_1_334' title='bbox 171 4193 334 4268; x_wconf 77' lang='lat' dir='ltr'>appellentur</span> <span class='ocrx_word' id='word_1_335' title='bbox 361 4195 475 4246; x_wconf 72' lang='lat' dir='ltr'>volesus.</span> <span class='ocrx_word' id='word_1_336' title='bbox 497 4189 621 4245; x_wconf 82' lang='lat' dir='ltr'>Similiter</span> <span class='ocrx_word' id='word_1_337' title='bbox 702 4189 806 4242; x_wconf 55' lang='lat' dir='ltr'>odam</span> <span class='ocrx_word' id='word_1_338' title='bbox 825 4200 958 4248; x_wconf 70' lang='lat' dir='ltr'>verneto„</span> <span class='ocrx_word' id='word_1_339' title='bbox 969 4183 1112 4237; x_wconf 69' lang='lat' dir='ltr'>Coniinsr.</span> <span class='ocrx_word' id='word_1_340' title='bbox 1123 4199 1182 4252; x_wconf 69' lang='lat' dir='ltr'>qum</span> 
     </span>
     <span class='ocr_line' id='line_1_39' title="bbox 103 4261 1148 4344; baseline -0.01 -18"><span class='ocrx_word' id='word_1_341' title='bbox 103 4273 197 4339; x_wconf 71' lang='lat' dir='ltr'>Mam,</span> <span class='ocrx_word' id='word_1_342' title='bbox 212 4271 310 4344; x_wconf 79' lang='lat' dir='ltr'>Georg.</span> <span class='ocrx_word' id='word_1_343' title='bbox 321 4270 364 4324; x_wconf 84' lang='lat' dir='ltr'>lib.</span> <span class='ocrx_word' id='word_1_344' title='bbox 375 4271 403 4338; x_wconf 89' lang='lat'>1,</span> <span class='ocrx_word' id='word_1_345' title='bbox 413 4272 460 4344; x_wconf 76' lang='lat'>472</span> <span class='ocrx_word' id='word_1_346' title='bbox 469 4289 475 4324; x_wconf 90' lang='lat'>:</span> <span class='ocrx_word' id='word_1_347' title='bbox 484 4272 619 4326; x_wconf 68' lang='lat' dir='ltr'>sVidirnus&#39;</span> <span class='ocrx_word' id='word_1_348' title='bbox 670 4264 732 4324; x_wconf 67' lang='lat' dir='ltr'>disis</span> <span class='ocrx_word' id='word_1_349' title='bbox 742 4267 801 4318; x_wconf 72' lang='lat' dir='ltr'>Nat.</span> <span class='ocrx_word' id='word_1_350' title='bbox 815 4265 911 4332; x_wconf 78' lang='lat' dir='ltr'>Quaest.</span> <span class='ocrx_word' id='word_1_351' title='bbox 921 4262 965 4316; x_wconf 88' lang='lat' dir='ltr'>lib.</span> <span class='ocrx_word' id='word_1_352' title='bbox 979 4263 1028 4329; x_wconf 90' lang='lat' dir='ltr'>lll,</span> <span class='ocrx_word' id='word_1_353' title='bbox 1042 4281 1094 4333; x_wconf 78' lang='lat' dir='ltr'>etp.</span> <span class='ocrx_word' id='word_1_354' title='bbox 1108 4261 1148 4316; x_wconf 75' lang='lat'>28.</span> 
     </span>
    </p>
   </div>
   <div class='ocr_carea' id='block_1_8' title="bbox 0 0 1509 4944">
    <p class='ocr_par' dir='ltr' id='par_1_8' title="bbox 0 0 1509 4944">
     <span class='ocr_line' id='line_1_40' title="bbox 0 0 1509 4944; baseline 0 0"><span class='ocrx_word' id='word_1_355' title='bbox 0 0 1509 4944; x_wconf 95' lang='lat' dir='ltr'> </span> 
     </span>
    </p>
   </div>
  </div>
 </body>
</html>
