2976 4944
309 519 350 562 ur
593 493 661 562 DE
684 492 1060 564 PROVIDENTIA

307 639 451 706 verunt,
473 647 606 692 causum
620 621 735 694 dicent
747 623 903 694 omnibus
921 623 1072 694 soroulis¹
1087 625 1102 692 P
1115 623 1207 716 quod
1222 621 1374 716 nequiore

307 738 419 806 auimo
437 761 554 831 passus
569 754 622 806 oet
635 761 672 806 ee
690 739 809 830 patrius
826 737 934 830 eripi,
956 761 1057 830 quum
1076 737 1141 808 sibi
1162 736 1341 806 ²«exsilium
1359 734 1376 799 Ρ

308 850 401 942 quod
417 851 517 943 Syllae
532 851 687 920 dictatori
705 851 795 920 solus
809 850 944 942 aliquid
956 853 1093 945 negavit
1103 843 1131 934 ³,
1150 866 1186 920 et
1198 863 1376 918 revooatus

308 991 376 1036 nou
401 983 531 1036 tantum
553 959 792 1049 retrocessit‘,
813 965 874 1036 sod
894 967 1030 1060 longius
1054 967 1141 1061 fugit
1156 969 1171 1034 Ρ
1189 965 1372 1044 Viderint,

307 1082 441 1174 iuquit,
459 1083 535 1166 ioti,
554 1108 639 1176 quoe
656 1086 771 1152 Romae
786 1081 1016 1175 deprehendit
1034 1083 1175 1152 inlicitas
1197 1099 1254 1150 tua
1265 1075 1292 1149 ⁵.
1314 1080 1377 1148 Vi-

309 1196 412 1266 deant
430 1198 564 1292 largum
588 1201 624 1268 in
643 1193 736 1266 foro⁶
757 1198 979 1290 sanguinem,
1007 1215 1042 1266 et
1068 1221 1170 1292 supra
1193 1195 1376 1267 Servilium

308 1315 417 1383 lucum
436 1314 499 1404 (id
517 1317 607 1384 enim
626 1315 882 1408 proscriptionis
899 1313 1044 1407 Syllanae
1065 1315 1261 1408 spoliarium
1277 1313 1375 1400 ⁷est)

345 1565 365 1598 r.
379 1545 495 1596 Causam
508 1545 592 1598 dicent
601 1543 723 1596 omnibus
736 1559 818 1596 soeets-
867 1541 943 1609 Mos,
957 1545 1084 1608 oidenirt,
1104 1547 1190 1616 inquit
1207 1541 1376 1611 (Rutilius),

309 1623 429 1676 Iis?lloc
440 1635 489 1686 est,
501 1621 682 1675 incusabuutur
690 1639 705 1673 a
714 1619 818 1694 posteris
866 1622 922 1683 teu,
932 1621 1149 1690 quoru...andd.
1157 1621 1252 1694 recepit
1258 1621 1378 1672 Groaor.

310 1703 380 1772 quod
390 1701 481 1773 injuste
495 1701 570 1752 illum
587 1698 780 1762 clamaverint,
795 1709 819 1749 et
866 1701 965 1762 Autea,
982 1700 1119 1762 Viderint,
1131 1703 1216 1770 risquit
1224 1700 1277 1752 lsoe.

310 1797 390 1832 eausa
414 1776 528 1830 dicendae
552 1776 722 1831 necessitatem
744 1773 820 1827 babe-
901 1779 923 1829 5.
944 1775 1018 1846 Quor
1029 1779 1123 1832 llomae
1137 1777 1379 1848 deprehenditfits'·

310 1856 381 1909 bunt.
395 1854 462 1907 Gall.
476 1853 549 1907 vertit
559 1851 819 1923 Lrgmugmllem
866 1855 934 1905 citas
951 1864 1007 1906 tua.
1026 1854 1099 1922 Quos
1120 1855 1210 1907 Roma
1227 1865 1376 1918 manentes,

310 1932 355 2002 qui
365 1933 425 1983 l'out
434 1931 583 1992 condamud,
596 1949 629 1982 en
637 1928 819 2004 repoadroutl
868 1949 931 2000 quos
944 1929 975 1982 sb
984 1930 1046 1986 urbe
1059 1932 1173 1984 noudum
1185 1943 1273 2005 sponte
1281 1929 1379 1984 exsules

310 2023 367 2062 tous
378 2009 413 2061 les
424 2008 518 2061 sideles.
528 2029 542 2056 s
868 2005 910 2060 bio
919 2019 945 2060 tu
957 2008 1017 2061 lelir
1029 2009 1223 2084 deprehendisti.
1235 2009 1317 2062 Porro
1326 2029 1380 2062 uo-

344 2086 512 2155 2.AEqoiorr
523 2090 613 2139 auimo
622 2093 820 2154 permeet...
867 2099 922 2138 tum
949 2100 986 2139 est
1009 2088 1089 2160 sylla
1118 2105 1262 2162 cognomen
1290 2085 1378 2139 &tum

294 2168 445 2218 'exsilium
459 2165 575 2236 Namque
591 2165 671 2238 justus
689 2175 714 2216 et
728 2161 821 2236 probus
867 2167 965 2231 Felix,
975 2189 1027 2240 quo
1034 2167 1149 2240 inprimis
1156 2167 1311 2240 gloriabatur
1319 2185 1379 2240 gau

311 2264 340 2296 ao
348 2243 454 2297 susssibi
462 2241 734 2298 innoeeutiseeouseius
742 2240 821 2293 disre-
869 2245 1008 2316 debetque,
1022 2247 1056 2298 iu
1067 2257 1096 2298 ut
1106 2265 1202 2318 semper
1215 2244 1378 2318 epistolarum

311 2323 402 2388 debat,
414 2325 448 2377 ita
461 2324 529 2376 utin
539 2322 679 2376 calamitate
692 2320 821 2395 plauderet
868 2325 942 2378 initio
952 2326 1071 2380 scriberet
1079 2327 1108 2378 1,,
1121 2326 1280 2378 Commius
1288 2323 1378 2377 Suum

311 2401 373 2467 sibi,
387 2402 550 2472 animumque
560 2400 682 2452 solaretur
690 2420 697 2463 ς
706 2397 820 2450 exsilium
869 2403 952 2455 Fam
963 2405 997 2456 N,
1009 2403 1050 2455 vel
1062 2403 1093 2454 N.
1107 2402 1133 2455 S,
1145 2404 1179 2455 D.

312 2481 458 2551 relinquens
469 2481 496 2532 iu
508 2481 617 2553 partium
628 2478 706 2530 furias
716 2490 740 2530 et
751 2477 820 2528 iuss·
901 2479 925 2534 6.
943 2483 1059 2534 Videant
1076 2485 1183 2550 largum
1200 2481 1310 2552 iusum,
1331 2492 1378 2532 ete.

312 2557 576 2622 uiamretnbelsatur,
589 2553 819 2627 timebatqaeueia
868 2558 1377 2630 LamsServiliuseratiuoetararegioue,

312 2650 349 2690 tot
360 2638 444 2702 vitiis,
455 2651 491 2691 tot
499 2637 634 2691 sceleribus
642 2649 750 2690 scatente
757 2635 819 2688 urbe
869 2637 936 2710 juxta
947 2638 1200 2702 ForumRomauum,
1210 2639 1240 2691 ad
1251 2636 1379 2709 latus'par-

312 2715 416 2768 vitiosus
427 2717 478 2790 ipse
489 2729 532 2769 aut
541 2715 657 2768 scelestus
666 2713 745 2768 fieret.
869 2728 969 2787 temque
980 2713 1113 2789 Capitolii,
1122 2715 1192 2785 quod
1200 2712 1312 2786 spoliarii
1320 2713 1379 2766 loeo

344 2795 367 2846 3.
385 2793 466 2864 Quod
478 2792 820 2864 Syttoe.....negaou.1tflu·
869 2804 929 2845 tuua
949 2803 1002 2844 erat
1020 2791 1094 2860 (rid.
1112 2792 1179 2844 iufra
1197 2789 1260 2862 quid
1276 2789 1379 2862 proprie

312 2869 381 2922 tilius
398 2871 493 2934 llulus,
512 2870 551 2920 vir
562 2868 677 2921 omnium
691 2889 754 2938 quos
765 2868 821 2938 qui·
869 2869 1015 2943 spoliarium
1026 2869 1082 2936 sit).
1095 2869 1147 2922 Cio.
1160 2889 1204 2941 pro
1219 2868 1293 2920 floro.
1305 2870 1380 2919 Ame-

312 2948 370 3004 dem
389 2948 435 3000 ista
446 2961 504 3002 retas
521 2947 639 3020 protulit,
651 2946 821 3000 sanctissimus
869 2947 918 2999 riu.
939 2966 991 3019 cap.
1011 2945 1058 3010 32,
1071 2945 1185 2998 eamdem
1205 2943 1380 2996 crudelitatem

312 3027 376 3093 fuit;
391 3039 415 3078 et
424 3045 502 3098 quum
516 3026 550 3079 ob
561 3026 699 3082 multorum
711 3026 821 3078 iuimici-
870 3023 950 3078 Sullre
961 3023 1043 3096 tangit
1052 3022 1088 3075 sic
1096 3041 1103 3074 :
1112 3046 1124 3068 α
1136 3021 1231 3074 Multos
1239 3039 1316 3075 cesos
1326 3037 1379 3071 uon

312 3103 359 3156 tias
369 3124 432 3176 quos
444 3105 492 3157 sibi
507 3104 619 3157 iuleusos
630 3103 772 3178 integritate
783 3105 822 3155 el-
870 3101 902 3154 ad
913 3100 1091 3155 Trasimennus
1104 3099 1201 3162 lacum,
1215 3097 1258 3150 sed
1273 3097 1305 3151 ad
1320 3097 1381 3149 Ser-

312 3189 423 3250 lecerat,
441 3185 637 3260 repetundarum
649 3197 778 3242 aecusatus
791 3184 822 3237 in
870 3181 961 3234 vilium
974 3179 1117 3232 vidimus.»
1130 3178 1171 3230 Cl.
1182 3178 1265 3230 Nostr.
1276 3176 1307 3229 de
1323 3175 1381 3228 OEe·

210 3289 212 3293 ·
313 3263 427 3316 exsilium
434 3283 553 3337 perquam
563 3264 654 3336 injuste
660 3263 822 3337 pulsusesset,
871 3273 948 3313 ment.
958 3258 1003 3310 lib.
1013 3259 1043 3324 1,
1056 3277 1109 3329 cap.
1124 3277 1161 3309 12.

311 3345 458 3417 Mitylenen
473 3365 499 3398 se
514 3345 631 3409 eontulit;
643 3343 712 3396 uude
725 3363 821 3414 quum,
905 3357 926 3404 7.
939 3337 1139 3403 Pmscriptionis
1152 3331 1272 3386 Sullunoe
1281 3333 1382 3402 spoliis-

313 3421 385 3494 Sylla
409 3422 438 3474 iu
460 3443 585 3475 summam
610 3441 693 3474 rerum
718 3432 821 3484 evecto,
871 3409 1382 3476 riurallluretusadbuuolorumdoctis·

311 3500 387 3553 amici
398 3500 569 3573 impetrassent
579 3519 636 3552 eum
641 3498 754 3552 revocari
763 3535 770 3562 ,
779 3497 822 3550 ille
870 3493 934 3545 sime
944 3530 951 3554 ,
962 3502 989 3544 ut
997 3489 1060 3543 solet
1069 3491 1272 3542 :Pumicuton'u
1282 3499 1341 3540 suut
1350 3505 1382 3542 ea

312 3578 412 3644 noluit,
425 3579 511 3634 diceus
523 3596 530 3630 ι
541 3577 617 3629 malle
632 3597 658 3628 se
670 3576 755 3650 pigere
768 3575 823 3627 llo·
872 3589 928 3642 quae
938 3569 966 3621 iu
976 3567 1115 3621 custodiam
1127 3578 1239 3639 reoeptus
1249 3583 1335 3616 secum
1345 3577 1381 3616 at-

311 3675 400 3709 mauos
421 3656 489 3727 quod
500 3656 615 3720 abesset,
638 3673 714 3726 quau·
735 3652 823 3726 pigere
871 3649 953 3701 tulit:
975 3650 1062 3718 spolia
1085 3643 1176 3714 quibus
1198 3641 1302 3694 indutus
1326 3651 1380 3705 est,

311 3735 563 3806 quodreverteretur‚
574 3749 669 3806 negans
676 3752 703 3784 se
709 3749 821 3802 uuquam
871 3744 950 3796 quum
961 3723 993 3776 ad
1004 3721 1155 3797 supplicium
1168 3719 1276 3772 ducitur.
1291 3719 1320 3770 L.
1332 3717 1381 3769 Di·

310 3809 396 3882 patria
408 3810 502 3872 damno
512 3810 540 3868 iu
551 3829 655 3863 resenas
666 3808 822 3878 redintegra·
870 3823 916 3855 rus
936 3801 1102 3865 Hadrianus,
1127 3799 1226 3851 Decret.
1251 3797 1283 3849 de
1305 3796 1381 3848 lsouts

310 3900 364 3942 tum
375 3888 414 3950 iri,
869 3881 1056 3933 damnatorum.
1068 3877 1106 3931 lla
1121 3875 1214 3929 milites
1231 3875 1380 3949 plerumque

343 3965 366 4030 d.
374 3967 435 4019 Non
441 3976 545 4019 tontum
558 3966 704 4018 rrtroeesss't.
712 3963 821 4034 Vulgata
869 3959 937 4010 iuter
948 3977 974 4010 se
985 3955 1140 4008 dividebant.
1151 3955 1214 4006 lude
1225 3953 1382 4020 spoliorimn

311 4063 388 4115 esque
406 4045 474 4098 boua
484 4044 576 4110 lertio,
592 4063 640 4097 uer
651 4040 819 4095 sollicitanda.
869 4037 938 4090 lorus
945 4033 1191 4089 ubimuisolebaut.
1200 4031 1289 4084 Seuer.
1300 4029 1382 4101 Epist,

310 4123 370 4172 Nou
384 4133 483 4174 tautum
494 4133 560 4174 retro
573 4121 660 4183 cessit,
672 4119 823 4190 quasitnrus
870 4115 916 4189 93,
928 4115 957 4167 lu
968 4115 1013 4167 liu.
1027 4135 1040 4160 u
1053 4109 1186 4182 Numquid
1199 4110 1309 4180 aliquem
1329 4121 1382 4160 tam

309 4198 396 4250 lorum
409 4199 544 4262 tutiorem,
557 4195 600 4250 red
612 4197 715 4272 longius
728 4197 818 4268 sugite
869 4191 989 4267 cupidum
1000 4209 1053 4242 esse
1066 4189 1125 4242 rita,
1136 4201 1207 4262 putas
1224 4199 1252 4238 ut
1269 4184 1381 4258 iugulari

308 4275 388 4340 loro,
411 4276 455 4330 ubi
474 4274 620 4341 exsulabat,
644 4275 671 4326 in
690 4273 822 4329 ulteriora.
868 4271 896 4323 in
916 4268 1033 4344 spoliario
1047 4264 1162 4338 querulo
1176 4283 1251 4317 artua
1263 4261 1335 4314 malit
1348 4261 1383 4313 a?
