2966 4948
294 446 359 510 208
430 443 501 510 AD
530 443 809 515 POLYBIUM
844 447 1206 519 CONSOLATIO.

292 595 389 665 posse
401 573 577 658 acerbius,
594 597 694 666 qusm
707 577 765 644 lsio
778 578 806 644 si
822 577 883 644 tibi
896 601 994 646 ossus
1005 577 1081 669 ejus
1093 577 1239 646 uoerbus
1250 594 1320 662 est,
1334 583 1362 648 si

293 707 326 758 te
345 690 531 762 ullomodo
550 707 705 786 torquet,
727 696 755 764 si
773 696 888 764 oculos
908 711 1000 778 tuos,
1022 693 1277 790 indignissimos
1296 699 1363 767 boc

292 803 399 888 malo,
426 806 499 873 sine
517 805 587 874 ullo
604 807 710 875 flendi
732 807 801 876 fine
816 825 852 876 et
865 809 1048 878 oonturbat
1062 809 1153 878 idem
1178 825 1213 877 et
1230 811 1363 880 exbsu-

252 953 268 1004 3
293 921 350 988 rit.
363 921 527 988 Pietatem
542 937 631 988 tuam
647 937 760 990 tumen
775 923 976 1015 nihiloque
993 947 1012 992 s
1031 922 1189 1015 lucrymis
1204 940 1270 992 tam
1288 927 1366 994 inu·

292 1037 409 1105 tilibus
432 1036 600 1120 abducet,
626 1061 728 1129 quam
752 1039 780 1106 si
806 1039 1028 1131 cogitaveris,
1053 1037 1217 1106 fratribus
1238 1055 1273 1108 te
1296 1043 1365 1112 tuis

292 1154 446 1247 exemplo
456 1177 529 1222 esse
542 1152 686 1238 debere,
703 1154 836 1222 fortiter
852 1154 942 1224 bane
956 1154 1099 1222 fortunae
1113 1156 1275 1247 injurium
1289 1181 1364 1228 sus-

292 1269 437 1338 tinendi.
469 1269 573 1362 Quod
596 1269 700 1338 duone
716 1270 832 1364 magni
853 1270 1001 1353 faciunt,
1027 1269 1131 1338 rebus
1149 1270 1304 1356 affectis,
1326 1289 1364 1341 ut

291 1386 496 1456 hilaritatem
515 1387 558 1454 de
572 1384 740 1456 industria
752 1386 936 1470 simulent,
952 1402 988 1454 et
1002 1386 1163 1454 adversas
1176 1411 1231 1456 res
1244 1389 1364 1457 adum-

290 1503 387 1572 brsts
403 1509 411 1540 ¹
429 1503 546 1571 laetitin
563 1500 791 1582 abscondant,
808 1525 851 1569 ne
865 1500 1011 1569 militum
1028 1503 1155 1583 enimi,
1175 1504 1203 1570 si
1220 1503 1361 1572 fructum

290 1621 387 1690 ducis
405 1621 457 1688 sui
475 1633 620 1688 mentem
634 1619 803 1700 viderint,
823 1633 858 1686 et
872 1619 938 1711 ipsi
958 1617 1193 1688 collabuntur:
1209 1619 1246 1688 id
1268 1647 1362 1690 nunc

250 1749 267 1814 t
290 1739 353 1807 tibi
374 1759 510 1830 quoque
529 1733 721 1806 laciendum
740 1749 802 1802 est.
825 1731 934 1803 Indue
954 1733 1150 1804 dissimilem
1171 1738 1285 1806 animo
1302 1756 1361 1808 tuo

289 1857 445 1938 vultum,
474 1869 530 1932 et,
552 1853 579 1921 si
598 1868 695 1945 potes
704 1901 716 1932 ,
735 1852 865 1945 projice
880 1875 1012 1920 omnem
1029 1877 1072 1920 ex
1089 1867 1158 1922 toto
1173 1852 1326 1926 dolorem
1350 1885 1357 1922 :

290 1973 343 2040 sin
356 1973 485 2054 minus,
502 1971 669 2038 introrsus
680 1967 768 2036 abde
781 1983 816 2035 et
830 1969 987 2051 contine,
1003 1991 1048 2036 no
1060 1987 1245 2062 apparent,
1264 1989 1300 2039 et
1316 1971 1360 2040 du

290 2108 447 2181 operum,
463 2100 502 2154 ut
519 2085 640 2152 fratres
657 2085 705 2152 tui
724 2099 757 2150 te
776 2083 952 2152 imitentur
970 2109 978 2149 2
994 2085 1054 2176 qui
1067 2085 1245 2154 honestum
1260 2103 1361 2180 puts·

289 2201 394 2284 bunt,
416 2200 655 2294 quodcumque
674 2199 853 2267 facientem
874 2195 1046 2281 viderint,
1072 2200 1293 2291 animumque
1316 2226 1359 2270 ex

289 2319 385 2390 vultu
398 2334 456 2387 tuo
473 2332 617 2388 sument.
634 2319 676 2386 Et
688 2314 844 2384 solatium
858 2314 963 2382 debes
980 2338 1075 2398 esse,
1093 2331 1128 2384 et
1142 2320 1155 2351 ²
1167 2318 1360 2389 consolator

289 2425 424 2494 illorum
447 2447 541 2493 :non
557 2423 685 2518 poteris
704 2437 816 2490 nutem
839 2421 960 2490 borum
988 2423 1125 2489 moerori
1152 2421 1306 2508 obstare,
1329 2426 1358 2494 si

289 2560 347 2613 tuo
361 2539 544 2612 indulseris
556 2533 581 2608 ³.

335 2645 449 2730 XXV.
465 2663 581 2736 Potest
598 2671 633 2724 et
651 2656 708 2723 ills
725 2677 813 2722 ress
829 2649 923 2721 luotn'
935 2666 969 2721 te
983 2653 1168 2746 probibere
1183 2655 1312 2738 nimios
1329 2657 1357 2722 si

286 2779 349 2848 tibi
366 2781 438 2873 ipse
458 2773 721 2852 renuntiaveris,
738 2767 825 2839 nihil
839 2767 961 2838 horum
975 2795 1050 2862 quae
1065 2771 1147 2838 focis
1159 2795 1258 2864 posse
1273 2772 1355 2841 sub-

287 2889 403 2964 duci⁴.
421 2897 580 2984 Magnam
598 2889 659 2956 tibi
673 2903 804 2982 partem
819 2879 831 2921 ⁵
848 2882 1024 2956 hominum
1041 2911 1226 2958 consensus
1245 2889 1359 2984 impo-

322 3181 343 3210 ι.
362 3159 541 3212 Adumbrota.
552 3155 644 3218 Ficta,
664 3168 691 3206 ut
707 3155 795 3224 liquet.
876 3151 1113 3217 4-Il'ibi1bomm...
1125 3155 1356 3208 subduntltroeu-

286 3238 455 3290 Adumbran
465 3246 501 3287 est
511 3234 609 3287 umbra
620 3233 677 3285 loeo
689 3249 793 3304 ponere,
843 3229 875 3282 lis
894 3231 1024 3283 nimirum.
1044 3229 1211 3284 Simillimum
1234 3245 1271 3284 est
1289 3232 1355 3286 illud

285 3313 336 3368 reli
349 3314 426 3366 instar
437 3311 580 3365 obtendere.
843 3307 978 3362 Claudiani
990 3308 1028 3362 lv
1039 3309 1115 3362 Cons.
1130 3309 1229 3363 Honor.
1244 3333 1268 3362 v.
1287 3311 1354 3383 289,

319 3391 521 3452 sEtsolotium,
535 3383 793 3443 ersomslatorsola-
840 3402 913 3457 sqq:
932 3409 945 3433 α
962 3385 1024 3440 Te...
1040 3387 1181 3440 monebo...
1201 3389 1298 3442 cunetis
1311 3401 1355 3442 tna

285 3470 348 3522 tium
355 3468 398 3521 ille
408 3467 516 3536 est,dum
526 3464 791 3540 'eosuperstiteflident
840 3464 956 3536 gentibus
969 3485 1020 3519 esse
1033 3463 1111 3518 Faet'a
1121 3465 1214 3539 palam,
1224 3487 1272 3520 ner
1282 3487 1354 3540 posse

282 3549 370 3601 fratros
381 3545 525 3600 nonomnia
535 3566 549 3598 a
561 3547 661 3597 fortuna
672 3554 791 3618 praerepta
841 3541 895 3594 duri
909 3543 1036 3616 regalibus
1053 3561 1160 3614 usquam
1173 3543 1302 3598 Secretum
1316 3545 1354 3597 vi-

284 3645 352 3690 esss;
371 3614 513 3678 consolator
526 3623 587 3676 dum
606 3641 649 3675 eos
665 3617 791 3672 recordari
838 3619 895 3674 tiis:
906 3641 964 3673 orna
977 3621 1019 3674 lox
1027 3620 1146 3674 altissima
1159 3623 1204 3674 fati
1213 3623 1352 3676 Occultum

282 3706 361 3776 jubet,
369 3723 449 3757 unum
460 3703 574 3776 periisse,
584 3717 710 3772 superesse
718 3697 790 3749 alios.
838 3697 904 3750 nibil
918 3719 968 3752 esse
980 3699 1057 3760 sinin
1069 3699 1225 3771 latebrasque
1235 3719 1282 3773 per
1293 3720 1353 3752 om-

314 3783 338 3835 3.
349 3785 410 3836 Non
417 3783 538 3852 polerr's...
553 3781 700 3831 indulseris·
718 3776 790 3827 Idem
839 3797 883 3830 nes
893 3777 982 3844 Intrat,
995 3791 1018 3829 et
1027 3777 1153 3830 abstrusos
1165 3777 1277 3850 explorat
1283 3779 1353 3829 sarna

282 3863 348 3915 inira
361 3861 413 3916 alio
429 3859 507 3912 ruodo
526 3855 628 3910 extulit:
641 3877 654 3901 κ
667 3855 724 3905 Non
739 3873 789 3926 po-
840 3877 979 3909 recessus.»
990 3855 1294 3927 Juvenal.quoqoe,8at.
1305 3857 1352 3924 lx,

282 3938 367 3993 tuisset
377 3937 419 3992 ille
431 3937 553 4010 lacrymas
566 3933 662 3986 alienas
674 3951 791 4004 compes-
840 3953 875 3985 vs.
890 3951 934 3986 roa
944 3953 998 4005 sqq.
1008 3957 1021 3982 κ
1032 3935 1056 3984 0
1066 3933 1202 4005 Corydon,
1212 3931 1350 4007 Corydon,

282 4037 350 4081 rere,
365 4015 414 4069 nisi
423 4016 491 4090 prius
502 4013 626 4086 pressisset
637 4029 723 4062 suas.»
839 4024 963 4064 secretum
978 4011 1061 4064 divitis
1080 4010 1161 4063 ullum
1176 4011 1237 4062 Esse
1254 4010 1351 4082 putas?

313 4095 397 4146 XXV.
416 4096 488 4145 Ano.
505 4089 603 4142 Omnia
618 4107 675 4158 quat
687 4087 732 4139 tibi
745 4088 791 4140 ad·
839 4091 904 4144 servi
921 4102 948 4144 ut
960 4103 1072 4156 taceam,
1085 4089 1199 4162 jumenta
1213 4089 1353 4161 loquentur

280 4186 354 4239 sunt,
369 4172 494 4246 dignitas,
506 4182 552 4222 ete.
564 4167 686 4232 suadent,
701 4179 729 4220 ut
738 4179 762 4218 te
775 4185 790 4219 a
840 4167 874 4220 Et
887 4167 956 4220 ranis
970 4180 993 4219 et
1004 4182 1092 4241 postes.
1103 4189 1116 4216 s

278 4251 397 4322 lacrymis
406 4262 535 4322 temperes.
873 4247 897 4297 5.
909 4245 1024 4298 Portem-
1040 4247 1062 4297 E
1078 4246 1151 4299 todd.
1163 4247 1245 4299 Gron.
1256 4259 1348 4300 antea:
