2976 4950
319 419 322 426 ’
390 425 488 493 LIB.
514 424 577 510 II,
603 426 712 496 CAP.
736 427 931 497 XXXIV.
1120 430 1182 516 ¹l⁰¹

116 557 201 632 ortis
217 575 281 647 est,
294 559 411 628 iecisse
429 555 522 649 quod
534 557 643 626 voluit
655 579 662 622 ε
674 559 824 641 artificii,
837 559 956 630 fecisse
969 583 1045 630 cum
1059 561 1185 632 fructu.

117 677 269 747 Perfecit
285 699 369 769 opus
385 697 481 742 ouum
498 670 661 757 Phidias,
682 675 812 742 etiamsi
830 698 900 742 non
917 674 1085 743 vendidit.
1105 677 1189 745 Tri·
1213 729 1230 762 2

120 795 200 888 plex
218 807 270 861 est
286 790 336 858 illi
355 789 484 858 fructus
500 787 613 884 operis
631 789 683 855 tui
698 814 706 854 ι
724 813 814 858 unus
832 791 1049 860 conscientie
1067 817 1076 877 3
1097 791 1192 860 huno

122 911 276 980 absoluto
294 929 396 1002 opere
414 906 568 1001 percepit
589 932 597 970 :
617 905 704 974 olter
721 906 843 995 famae3
864 909 986 976 tertius
1002 908 1159 979 utilitatis
1178 960 1189 994 ,

122 1052 226 1121 quem
244 1025 387 1095 allatura
405 1036 474 1106 est,
495 1036 554 1089 ant
572 1023 701 1114 gretie,
725 1037 785 1090 aut
802 1021 975 1106 venditio,
1003 1040 1063 1092 eut
1079 1024 1195 1116 aliqua

124 1139 355 1213 commoditas.
376 1139 433 1208 Sic
451 1137 612 1206 beneficii
631 1138 760 1206 fructus
776 1139 908 1232 primus
926 1140 984 1208 ille
1003 1156 1053 1210 est
1062 1192 1075 1228 ,
1095 1124 1195 1211 eons-

124 1260 258 1330 cientiae
281 1259 402 1326 :huno
425 1255 600 1350 percepit,
622 1257 682 1348 qui
709 1280 779 1348 quo
803 1258 931 1339 voluit,
953 1283 1075 1328 munuo
1096 1283 1196 1328 suum

125 1377 289 1474 pertulit3
308 1370 476 1442 secundus
494 1387 545 1440 est
563 1371 658 1440 femae
675 1401 685 1458 3
701 1373 840 1440 tertius¹
858 1396 994 1459 eorum,
1015 1398 1091 1468 quae
1106 1398 1197 1469 prae-

125 1494 209 1562 stari
229 1492 375 1560 invicem
397 1505 550 1582 possunt.
576 1488 695 1581 ltaque
720 1513 825 1580 quum
850 1488 999 1584 benigne
1022 1510 1198 1586 acceptum

127 1626 180 1679 est
197 1608 428 1688 beneficium,
451 1607 480 1673 io
497 1605 557 1696 qui
576 1602 689 1689 dedit,
706 1606 850 1699 gratiam
866 1607 1004 1699 quidem
1018 1607 1089 1700 jam
1106 1589 1200 1676 reee-

126 1729 197 1821 pit,
214 1723 405 1795 mercedem
424 1721 590 1792 nondum.
611 1719 729 1790 Debeo
745 1723 861 1814 itaque
878 1722 971 1813 quod
989 1742 1082 1794 extra
1094 1724 1202 1794 bene-

128 1845 245 1914 ficium
264 1857 336 1927 est,
356 1842 466 1934 ipsum
482 1837 619 1932 quidem
632 1838 721 1907 bene
737 1839 936 1933 accipiendo
950 1841 1113 1935 persolvi.

178 1957 345 2025 XXXIV.
360 1953 457 2046 Quid
471 1954 582 2046 ergo?
597 1953 722 2045 inquit.
742 1953 872 2021 Retulit
890 1956 1054 2048 gretiam,
1073 1959 1132 2048 qui
1145 1960 1202 2027 ni-

127 2071 180 2140 hil
197 2071 305 2140 lecit?
322 2072 473 2139 Primum
492 2067 572 2137 lecit
596 2093 604 2134 ι
625 2067 717 2136 bono
736 2069 848 2137 animo
871 2069 998 2158 bonum
1023 2068 1200 2160 'obtulit3

127 2203 185 2270 et,
201 2173 306 2280 ¹quod
324 2202 375 2256 est
394 2186 573 2267 amicitie,
594 2208 635 2253 ex
651 2209 748 2278 aequo
760 2177 787 2252 ³.
809 2189 890 2255 Post
907 2181 1050 2256 divide⁴
1072 2216 1080 2256 z
1103 2191 1204 2260 aliter

127 2304 356 2386 beneficium,
378 2302 478 2371 aliter
498 2300 666 2370 creditum
683 2303 837 2370 solvitur.
864 2307 941 2372 Non
960 2304 1121 2398 estquod
1142 2329 1202 2375 ex-

129 2435 281 2514 spectes,
298 2435 337 2488 ut
354 2418 556 2488 solutionem
574 2417 636 2486 tibi
652 2412 850 2488 ostendam⁵
866 2446 874 2486 ι
892 2445 948 2489 res
965 2421 1056 2490 inter
1071 2424 1201 2493 animos

130 2539 276 2632 geritur.
287 2535 392 2630 Quod
401 2533 490 2618 dieo,
503 2558 572 2603 non
587 2531 761 2603 ridebitur
777 2535 911 2618 durum,
925 2539 1078 2629 quamvis
1090 2541 1200 2632 primo

167 2739 188 2770 ι.
209 2717 316 2770 Tertius.
332 2715 485 2768 Emendavit
498 2714 643 2768 Pincianus.
693 2713 769 2768 conf.
778 2715 832 2769 Cic.
840 2715 943 2791 Dialog.
954 2717 994 2771 De
1006 2717 1090 2772 Amic.
1101 2720 1141 2784 V,
1154 2731 1200 2774 etc.

129 2792 546 2867 lmpressiaulemctcodd.babent
554 2795 644 2846 ternos
724 2794 748 2859 4.
760 2793 826 2847 Post
840 2797 931 2848 divide.
948 2795 992 2849 sie
1005 2815 1062 2850 cum
1075 2795 1200 2850 Pinciano

127 2881 260 2926 eteorum.
272 2871 334 2924 Mea
352 2871 476 2924 sententia
487 2911 495 2938 ,
508 2871 542 2924 ait
559 2869 641 2938 Grut,
691 2869 784 2943 legam,
794 2873 810 2925 i.
825 2894 846 2926 c.
859 2874 994 2948 distingue.
1012 2877 1090 2930 Vetus
1107 2875 1200 2930 lectio:

129 2950 205 3003 valde
217 2949 291 3001 male.
691 2947 758 3001 Post
773 2952 884 3017 deinde,
904 2971 961 3023 qua
979 2952 1034 3005 sinc
1055 2973 1130 3007 sensu
1147 2967 1195 3008 est:

164 3029 284 3081 XXXIV.
293 3028 365 3079 Ano.
374 3027 497 3079 Exenrsus
506 3024 537 3078 de
551 3045 641 3080 vocum
690 3046 767 3096 quare
784 3027 906 3082 Gruterus
917 3028 971 3084 ait:
986 3050 1033 3104 ego
1052 3031 1117 3086 circa
1129 3031 1199 3086 bunc

129 3105 319 3180 significatione
330 3102 484 3176 multiplici,
504 3123 554 3175 qna
571 3101 642 3155 litut
689 3103 774 3156 locum
782 3105 870 3158 videor
876 3126 998 3178 magnum
1006 3108 1107 3162 odorari
1117 3110 1197 3177 ulem,
1266 3151 1268 3154 -

129 3185 177 3238 uni
190 3183 314 3237 vocabulo
331 3180 441 3254 duplex,
453 3180 560 3255 triplex,
573 3201 642 3252 qua·
689 3181 733 3234 sed
749 3180 866 3234 invisum.
881 3183 980 3256 Lipsius
997 3185 1032 3238 ait
1046 3204 1052 3238 :
1066 3186 1130 3240 mibi
1143 3188 1198 3243 brec

131 3262 236 3335 druplcr
245 3280 332 3314 sensus
341 3268 474 3331 competat.
485 3259 525 3312 De
534 3259 581 3312 hoc
593 3260 642 3312 dis·
689 3279 757 3320 sana,
768 3273 791 3312 ct
799 3259 922 3314 comitum
929 3265 1198 3332 cohonostar-

130 3341 201 3404 scrit‚
215 3349 244 3394 ιιι
255 3338 336 3392 scribi
348 3336 544 3390 consentientem
557 3350 641 3389 osten·
689 3339 798 3391 deinde:
809 3339 895 3390 cadem
905 3359 963 3391 cum
972 3340 1134 3415 simplicibus.
1143 3345 1199 3418 Ap-

131 3422 191 3480 dat,
205 3431 230 3470 ct
241 3437 298 3490 qum
309 3415 386 3468 modo
399 3415 492 3468 dixitet
500 3433 641 3500 repugnare
689 3416 760 3488 posui
771 3415 843 3481 haee,
863 3429 892 3468 ut
907 3414 995 3469 lectori
1007 3417 1138 3489 judicandi
1153 3442 1198 3494 per

131 3497 181 3550 sibi
192 3493 345 3560 credideris,
361 3493 455 3566 optimo
468 3492 640 3562 conquadrare
689 3493 771 3566 ipsum
783 3493 854 3568 eopia
867 3495 905 3548 sit.
916 3521 950 3534 -
959 3497 1061 3551 Divide.
1074 3499 1136 3552 lltec
1148 3523 1197 3554 vox

132 3595 180 3628 nos
196 3576 292 3627 doceat.
689 3569 718 3622 in
737 3571 834 3624 Senatu
855 3571 966 3626 solennis
983 3587 1050 3644 erat,
1065 3577 1087 3628 si
1104 3578 1159 3650 quis
1169 3580 1197 3632 in

165 3673 189 3704 a.
200 3649 307 3704 Bonum
317 3651 409 3703 obtulit
419 3663 429 3709 ,⁶
441 3667 497 3700 mss.
510 3647 541 3701 ad
559 3667 639 3701 unum
689 3648 847 3701 consiliando
858 3670 896 3703 res
907 3650 1035 3705 distinctas
1044 3667 1128 3730 suapte
1138 3677 1198 3710 con-

132 3743 251 3785 omncset
260 3731 385 3781 Erasmus.
394 3727 496 3780 Retulit
504 3726 568 3799 conj.
579 3727 641 3779 Pin·
687 3723 820 3796 junxerat,
836 3740 861 3780 et
875 3728 920 3799 qui
931 3741 986 3801 post
998 3751 1055 3782 eum
1072 3730 1198 3802 loqueba-

131 3808 198 3860 cian.
213 3819 237 3858 et
255 3807 368 3859 Muretus
383 3805 411 3857 in
426 3816 520 3857 tentum
539 3803 639 3878 reecpit.
688 3815 743 3868 tur,
758 3804 1118 3879 epriorisscntentiaquaedam
1129 3811 1199 3865 reci-

134 3885 187 3938 Sed
196 3884 293 3957 Lipsius
299 3883 392 3936 obtulit
398 3883 451 3955 jure
457 3881 572 3956 pretulit.
688 3881 781 3956 pienda
794 3898 939 3952 censuerat,
952 3886 1067 3956 quisdam
1076 3908 1135 3941 vero
1146 3909 1198 3942 ιιι-

167 3962 640 4032 3..ll't,puodcstomicitioe,exaquo.
690 3961 799 4028 puenda.

133 4041 223 4114 Suppl.
231 4041 301 4110 serit.
314 4037 432 4090 Amicitia
441 4055 493 4089 non
503 4037 576 4090 laeils
586 4038 641 4090 sine
722 4042 746 4092 5.
756 4039 817 4090 Non
828 4050 898 4091 est...
910 4042 1052 4094 ostendam.
1064 4043 1125 4096 Non
1136 4065 1199 4119 opus

133 4117 278 4192 equalitate
294 4117 402 4187 quadem
414 4128 526 4168 constare
538 4127 618 4188 potest
634 4131 642 4168 t
690 4127 726 4166 est
741 4115 871 4169 ostendere
883 4158 890 4184 ,
903 4119 1031 4188 quomodo
1042 4119 1096 4176 lucc
1108 4122 1200 4179 solutio

134 4211 172 4252 cst
179 4196 252 4251 enirn
263 4213 292 4247 ca
306 4195 377 4266 qumi
388 4193 504 4249 amicitia
521 4193 643 4248 conditio.
691 4191 742 4245 fiat.

258 4286 304 4353 Il.
430 4359 433 4366 Δ
1037 4289 1080 4355 26

1403 929 1409 962 l
