2954 4926
401 401 496 469 LIB.
525 403 578 510 V,
606 402 715 469 CAP.
742 401 868 468 XXV.

97 533 224 618 iratus,
242 533 334 627 quod
348 559 384 603 oe
398 559 418 602 a
433 534 643 626 cognitione¹
663 531 773 600 media
787 532 831 599 ad
844 549 994 600 veterem
1012 533 1173 604 'fabulam

96 650 284 720 adduceret
298 679 304 716 :
319 653 375 720 Tu
385 652 505 742 utique
522 649 580 716 ille
591 672 658 716 non
669 673 717 716 es.
735 641 881 730 Merito,
899 651 1029 741 iuquit,
1047 648 1173 737 Caesur,
1201 675 1217 726 3

97 791 151 834 me
178 791 248 836 non
264 770 446 862 agnoseis3
475 790 554 834 nam
581 791 686 874 quum
716 767 781 834 hoc
798 766 921 870 factum
950 782 1020 853 est,
1042 769 1176 863 integer

18 919 19 922 ¹
97 876 236 972 eram33
256 902 371 978 postea
390 882 434 954 ad
452 877 640 952 Munduml
659 885 695 950 in
709 885 783 950 acie
802 884 919 952 oculus
938 885 1021 952 mihi
1037 887 1176 972 effossus
1265 899 1266 902 ’

98 1018 170 1084 est,
191 1017 226 1070 et
243 1004 279 1070 in
294 1004 406 1096 cupite
419 1003 508 1070 lecta
521 1025 595 1069 ossa
605 993 631 1067 ⁵.
649 1004 720 1068 Nee
734 1001 864 1094 galeam
879 1002 972 1070 illam
985 1005 1013 1070 oi
1025 1003 1172 1087 videres,

98 1143 326 1213 agnoscereo;
349 1119 518 1188 machaera
542 1120 634 1185 enim
662 1111 832 1210 Hispana⁶
847 1117 963 1214 ‘divisa
980 1137 1043 1188 est.
1061 1123 1177 1191 Vetuit
1252 1137 1257 1148 '

99 1235 150 1303 illi
168 1236 326 1303 exhiberi
342 1236 516 1329 negotium
534 1235 645 1303 Cesar
660 1283 669 1315 ,
690 1249 725 1301 et
737 1233 885 1327 agellos,
903 1237 1078 1328 inquibus
1095 1241 1177 1308 vici-

100 1352 188 1420 nalis
198 1354 288 1437 viat,
305 1376 406 1420 causa
418 1353 498 1419 rixae
510 1375 550 1418 ac
563 1351 674 1418 litium
685 1351 808 1434 fuetut,
820 1352 919 1419 militi
930 1376 990 1422 ouo
1005 1353 1154 1423 donavit.

149 1471 265 1536 XXV.
289 1467 384 1559 Quid
402 1469 510 1561 ergo?
526 1491 596 1535 non
611 1482 784 1560 repeteret
796 1467 1001 1538 beneficium
1013 1471 1057 1540 ab
1070 1473 1179 1564 Impe-

100 1601 236 1666 ratore,
266 1587 363 1677 cujus
387 1585 581 1653 memoriam
609 1582 790 1652 multitudo
814 1607 927 1652 rerum
954 1587 1178 1657 confuderat?

1109 411 1172 500 575

139 1843 160 1875 ι.
171 1823 328 1892 cognitione.
338 1823 490 1890 Cognoscere
496 1839 614 1880 coruom,
667 1819 750 1884 ditur,
765 1819 874 1872 Durium
887 1821 953 1873 inter
967 1835 991 1874 et
1003 1823 1111 1896 Tagum.
1122 1827 1176 1876 No·

101 1902 144 1954 vel
162 1900 310 1973 simpliciter
322 1913 346 1952 et
357 1899 405 1968 ρκ’
422 1899 545 1968 lllrlloee
555 1936 562 1960 ,
574 1918 617 1950 co-

98 1999 238 2050 gnoscere,
255 1992 291 2032 ost
304 1980 335 2032 de
351 2001 378 2032 re
391 1979 475 2049 aliqua
489 1977 617 2047 inquirere

102 2077 162 2131 quae
173 2058 200 2110 in
212 2057 336 2130 judicium
348 2058 429 2124 venit,
438 2069 544 2109 autmox
554 2075 618 2106 ven-

103 2149 160 2189 tura
172 2149 215 2188 est.
235 2136 288 2188 Cic.
305 2135 332 2187 in
345 2136 418 2188 Verr.
433 2147 479 2188 act.
493 2135 549 2194 IV,
565 2154 617 2202 cap.

103 2215 137 2267 25
151 2233 158 2266 :
172 2236 186 2261 ι
205 2213 313 2266 Causam
330 2213 421 2265 Verres
433 2212 614 2286 cognoscebat,

103 2293 197 2344 Verres
208 2291 346 2365 judicabat.
358 2312 372 2337 υ
388 2292 427 2345 ld.
446 2289 619 2343 «Consulibus

104 2372 231 2445 etlege,et
239 2370 465 2423 senatus-consulto
472 2369 619 2443 permissum

105 2462 161 2501 erat
169 2462 199 2501 ut
207 2447 347 2510 deCaesaris
358 2446 419 2500 actis
428 2457 618 2520 cognoscerent,

104 2539 253 2590 statuerent,
264 2526 427 2596 judicarent.»
436 2525 505 2578 Hinc
512 2527 621 2594 cognitio

105 2625 153 2678 pro
174 2604 305 2676 inquisitio
327 2605 472 2677 judicialis,
494 2605 619 2672 coquere,

104 2685 455 2756 trpomwrions,proee'dure‚
469 2681 557 2736 eteld.
567 2681 621 2734 Cic.

106 2762 226 2816 ad.rlttic.
235 2782 242 2815 ε
250 2785 263 2810 κ
276 2760 618 2832 Consulesquorumctlcge,

107 2855 132 2893 et
145 2840 363 2894 senatusconsulto
375 2839 505 2910 cognitio,
517 2852 540 2891 et
550 2837 617 2909 judi·

107 2921 178 2972 cium
192 2919 249 2970 fuir.
262 2941 275 2964 o

144 3019 168 3050 a.
178 2997 329 3062 Fabulam,
341 2996 481 3048 historiam.

143 3078 166 3128 3.
178 3079 280 3145 Integer
285 3096 366 3129 emm.
373 3075 406 3127 ll.
415 3094 434 3128 e.
445 3095 498 3128 non
507 3075 620 3140 saucius,

108 3176 165 3207 nou
177 3155 310 3207 unoculus.
322 3152 382 3204 vid.
393 3153 452 3205 inlr.

144 3235 169 3296 4.
181 3233 322 3285 Mundam·
342 3230 461 3294 Munda,
484 3228 561 3282 hodic
581 3230 622 3282 vix

110 3321 210 3362 mutato
221 3309 326 3362 nomine
338 3309 452 3372 Mende,
462 3308 521 3359 urbs
533 3307 625 3380 Hispa·

111 3389 181 3454 niae,
194 3387 221 3439 in
232 3386 342 3450 Baetica,
360 3385 427 3460 apud
444 3385 559 3438 Bastulus
573 3387 627 3439 Pte·

112 3489 161 3521 nos
179 3507 187 3532 ,
207 3483 263 3520 octo
289 3467 402 3520 millibus
422 3466 496 3520 distat
520 3487 535 3519 a
554 3469 626 3520 mari.

111 3549 224 3600 Famosa
233 3547 259 3598 in
271 3549 388 3599 Romana
399 3545 504 3598 historia
515 3547 627 3618 estquod

112 3629 141 3680 in
149 3625 241 3676 vicinis
250 3624 343 3695 campis
355 3624 507 3676 decertatum
522 3637 558 3675 est
570 3643 629 3676 cer-

112 3719 201 3758 tamen
214 3704 280 3754 inter
293 3704 414 3754 Ceesnrrm
435 3715 459 3752 ot
473 3700 524 3754 Cn.
542 3703 626 3754 Pom-

113 3783 201 3856 peium
213 3779 310 3837 Colit:
320 3781 389 3851 quod
399 3799 489 3850 anceps
499 3779 543 3831 diu
551 3778 629 3830 Pom-

666 1898 778 1950 minatur
792 1897 868 1951 hodie
881 1920 897 1950 o
908 1901 1045 1970 Mondegu.

699 1975 1178 2042 5-Etincupiteleetaossa.dllusum,

666 2054 707 2108 vel
719 2055 803 2108 lusum
814 2055 841 2108 in
851 2055 958 2108 lectione
966 2059 1058 2110 ossium
1070 2059 1178 2112 funebri.

668 2133 707 2185 De
719 2133 823 2186 Provid.
835 2153 856 2184 c.
869 2132 884 2184 3
896 2151 902 2184 τ
916 2135 1021 2189 remedii
1032 2157 1106 2190 causa
1122 2137 1179 2208 qui-

671 2212 777 2264 busdam
791 2224 815 2264 et
832 2212 887 2265 radi
901 2233 972 2278 ossa,
984 2227 1008 2266 et
1019 2216 1079 2287 legi.
1092 2217 1178 2269 Addas

671 2290 773 2343 Consul.
787 2291 818 2343 ad
837 2291 915 2342 Mare.
934 2313 956 2344 e.
972 2313 1010 2345 ra.
1030 2295 1057 2346 L.
1081 2293 1182 2347 Gesner
1224 2335 1227 2343 r

670 2370 702 2422 ad
717 2369 828 2438 Quintil.
842 2369 909 2434 vlt,
924 2373 955 2433 5,
977 2391 1005 2422 21
1020 2391 1044 2443 p.
1060 2371 1107 2442 395
1124 2373 1178 2424 ait:

671 2460 742 2519 caput
756 2446 803 2499 erit
815 2447 886 2518 quasi
901 2447 1001 2501 bustum
1013 2487 1020 2510 ,
1034 2450 1125 2520 inquo
1139 2449 1181 2502 le·-

671 2537 765 2600 guutur
776 2525 941 2577 ossa-Telo
954 2538 1038 2578 autern
1050 2527 1125 2579 tuisse
1140 2549 1180 2579 ve-

670 2605 750 2658 terani
772 2617 845 2677 caput
862 2606 969 2657 fractum
985 2625 1069 2678 perse
1085 2607 1180 2659 clarum

670 2696 725 2746 est,
747 2703 794 2736 nec
814 2682 877 2736 lecta
901 2703 955 2736 ossa
980 2683 1007 2736 in
1034 2684 1181 2738 vulneribus

669 2762 795 2831 ejusmodi
807 2763 1010 2816 extraordinaria.

701 2839 1027 2909 inillacdoem...Hr'spana,
1040 2841 1056 2891 i.
1066 2859 1087 2892 e.
1096 2841 1182 2915 gladie

671 2918 702 2970 ad
721 2917 886 2992 pungendum
905 2937 976 2989 reque
995 2919 1088 2972 idoneo
1106 2922 1183 2973 acad

672 2996 821 3061 caedepdum
836 2998 931 3049 :virtus
943 3011 1027 3050 autem
1038 2999 1118 3070 gladii
1126 3001 1182 3052 talis

673 3075 763 3127 eximie
785 3089 859 3138 erat,
881 3077 985 3128 docente
1003 3078 1109 3130 Diodor·
1133 3081 1183 3132 Sic.

673 3152 774 3218 V,33;
789 3155 820 3205 cl.
835 3153 1183 3227 Polyb.tt‚33,5,rq.erc.

707 3252 729 3299 7.
743 3234 774 3284 V
771 3234 873 3285 ieinalr's
886 3237 950 3296 via,
964 3253 1013 3303 qua
1029 3234 1132 3304 quidem
1147 3237 1185 3288 uti

675 3309 806 3362 vetabatur
816 3331 830 3361 a
840 3311 926 3363 vicino
937 3347 944 3367 .
955 3311 1025 3382 cujus
1032 3325 1116 3364 tamen
1125 3333 1185 3365 usus

676 3388 751 3440 militi
767 3386 835 3439 haud
848 3388 923 3441 dubie
938 3391 1006 3442 utilis
1017 3404 1060 3442 aut
1072 3410 1186 3444 necessu-

677 3467 728 3518 rius
737 3466 829 3532 fuerit,
845 3479 871 3518 nt
882 3466 913 3518 ad
925 3489 998 3542 agros
1010 3481 1129 3541 prataque
1141 3490 1185 3521 sua

677 3544 774 3597 veniret
791 3545 956 3598 commodius.
978 3548 1081 3619 Ulpiani
1103 3548 1186 3619 expli-

678 3625 757 3688 catio,
771 3619 907 3676 vicinnlem
918 3625 985 3676 viam
998 3646 1063 3686 esse,
1077 3645 1135 3696 qun
1146 3625 1185 3676 vel

677 3723 705 3753 ex
715 3701 785 3761 vico,
793 3701 834 3752 vel
848 3703 874 3753 in
883 3701 966 3754 vicum
978 3704 1061 3766 ducat,
1074 3703 1186 3757 huonon

676 3791 776 3853 spectat.

712 3857 791 3910 XXV.
803 3861 873 3910 AttG.
889 3858 1042 3910 Veterauurn
1055 3873 1154 3912 excusat
1164 3875 1188 3912 et

114 3859 265 3934 peianorum
277 3861 346 3930 luga,
356 3869 447 3929 strage,
456 3855 627 3908 internecione

115 3935 219 3990 finitum
232 3949 267 3988 est
277 3976 283 4000 ,
295 3957 354 3988 ann.
369 3935 400 3986 U.
413 3935 442 3988 C.
453 3953 518 4004 709,
530 3948 582 3986 ant.
598 3933 626 3986 C.
678 3936 763 3989 laudat
783 3937 851 4007 qu'od
867 3938 899 3989 ita
915 3957 940 3988 sc
960 3939 1070 4010 gesserit.
1090 3939 1186 3992 Tiberii

115 4017 151 4066 N.
170 4015 210 4079 45.
233 4015 328 4068 Sedulo
352 4013 397 4065 illu
417 4013 474 4065 urbs
498 4012 530 4065 ab
553 4033 627 4064 amne
679 4014 785 4066 Caesaris
801 4028 1034 4087 atroxresponsum.
1051 4017 1187 4069 Conclusio
1209 4023 1214 4032 ’

116 4093 273 4164 cognomine
284 4091 465 4164 distinguenda
474 4091 518 4162 qui
531 4091 630 4142 Lusita·
678 4093 794 4146 0mnium
807 4113 864 4165 quae
877 4094 1029 4166 precedunt.
1042 4095 1189 4168 Repetenda

117 4172 189 4222 niam
202 4169 310 4243 perfluit,
325 4183 349 4222 et
362 4170 387 4222 in
401 4171 534 4222 Oceanum
547 4171 629 4221 ellun-
679 4169 815 4236 beneficia3
840 4172 865 4223 id
888 4191 952 4246 saepe
976 4173 1059 4226 minus
1085 4175 1189 4247 turpiter
