2978 4942
460 485 556 560 nto.
582 488 654 576 tv,
681 489 790 559 car.
816 491 915 580 rx..
1147 491 1212 586 475

133 625 215 704 ris¹,
224 623 272 690 ibi
281 622 377 690 iilum
387 621 520 691 videbis
529 637 767 690 occurrentem
777 620 841 690 tibi
854 647 863 708 3
876 619 1018 690 nihileis
1028 619 1087 689 iiio
1096 636 1210 690 vacet:

131 764 221 833 opus
229 763 328 809 suum
337 739 410 832 ipse
420 737 549 832 implet.
562 739 654 833 Ergo
662 737 751 806 nihil
759 741 833 833 agis
841 743 868 818 ¹,
880 739 1110 833 ingratissime
1120 757 1219 828 mot·-¹

135 858 276 939 talium,
295 857 355 949 qui
369 871 404 924 te
421 877 527 950 negas
548 857 622 926 Deo
637 853 784 939 debere,
801 853 862 924 sed
878 871 1033 944 naturae3
1052 855 1133 948 quia
1148 879 1215 923 nec

134 981 260 1041 natura
272 971 347 1040 sine
358 973 432 1042 Deo
448 986 521 1054 est,
544 995 610 1040 nec
626 969 720 1042 Deus
735 972 809 1040 sine
822 987 967 1058 nutura3
983 970 1045 1040 sed
1058 969 1150 1039 idem
1163 986 1215 1038 est

133 1105 335 1182 utrumque,
352 1111 418 1156 nec
429 1086 532 1157 distat
544 1087 671 1158 officio.
688 1089 724 1158 si
737 1086 853 1181 quida
866 1089 996 1160 Seneca
1009 1087 1211 1182 accepisses,

135 1209 311 1277 Annasotc
321 1206 455 1275 diceres
464 1202 605 1289 debere,
621 1203 677 1274 vei
688 1206 795 1274 Lucio
813 1232 822 1271 z
837 1227 907 1274 non
921 1205 1126 1274 creditorem
1140 1223 1215 1272 mu-

135 1339 249 1407 tares,
271 1322 332 1392 sed
349 1345 496 1408 nornen,
521 1323 683 1415 quoniam
706 1321 778 1391 sive
796 1339 993 1415 praenomen
1017 1321 1114 1414 ejus,
1144 1323 1216 1389 sive

135 1465 263 1510 nornen
281 1439 442 1521 dixisses,
466 1439 538 1508 sive
557 1461 769 1534 cognomen,
791 1437 883 1508 idem
901 1455 1014 1508 tamen
1032 1437 1091 1507 ilie
1110 1453 1211 1507 esset.

136 1555 195 1626 sic
206 1557 302 1625 hunc
314 1557 477 1624 Naturam
489 1575 601 1639 vocas,
617 1553 754 1636 Fatum,
772 1551 960 1625 Fortunam
974 1583 982 1621 ι
996 1555 1108 1624 omnia
1122 1553 1214 1646 ejus·
1241 1583 1257 1636 ³

135 1667 217 1740 dem
226 1666 291 1740 Dei
303 1671 442 1739 nomina
455 1685 555 1752 sunt,
569 1669 665 1740 uarie
678 1667 807 1738 utentis
822 1694 883 1739 sua
897 1683 1076 1763 potestate.
1089 1667 1217 1760 Etjus-

135 1785 212 1853 titia
228 1836 237 1868 ,
254 1783 428 1882 probitas,
445 1787 630 1883 prudentia
646 1838 656 1866 ,
673 1783 855 1869 fortitudo,
887 1785 1086 1881 frugalitas,
1113 1783 1217 1850 unius

134 1899 242 1970 animi
255 1901 346 1972 bona
359 1919 440 1973 sunt
463 1931 471 1972 ε
491 1901 663 1999 quidquid
680 1905 805 1973 horum
827 1905 888 1973 tibi
907 1903 1063 1999 placuit,
1084 1903 1219 1970 animus

134 2017 263 2112 piacet.
324 2029 328 2037 ’

188 2133 254 2202 ΙΧ.
275 2132 344 2204 Sed
359 2158 404 2204 nc
421 2133 524 2204 aliam
543 2131 807 2230 disputationem
822 2156 863 2204 ex
886 2133 1028 2226 obliquo
1042 2125 1214 2213 ³habeam,
1324 2175 1329 2182 -

137 2250 288 2344 piurima
302 2249 471 2320 beneficia
485 2277 525 2322 nc
537 2255 683 2322 maxima
695 2255 733 2322 in
745 2276 807 2320 nos
817 2255 910 2320 Deus
923 2249 1058 2319 confert
1070 2249 1144 2316 sine
1157 2269 1217 2340 spe

137 2366 332 2462 recipiendi
344 2395 353 2436 ι
366 2369 526 2462 quoniam
537 2394 602 2440 noc
613 2371 671 2440 ille
682 2370 804 2440 collato
816 2385 909 2462 eget,
922 2367 987 2435 nco
1000 2367 1104 2434 nosci
1118 2361 1218 2457 quid-

137 2501 242 2578 quam
256 2485 414 2554 conferre
427 2509 617 2580 possumus.
638 2489 729 2581 Ergo
752 2485 957 2555 beneficium
976 2507 1041 2577 per
1060 2507 1096 2551 se
1111 2505 1217 2576 expe-

137 2601 242 2670 tenda
259 2625 316 2670 res
327 2618 400 2688 cst,
413 2627 482 2674 una
498 2619 672 2696 spectatur
684 2605 722 2672 in
738 2628 779 2672 eo
796 2602 998 2696 accipientis
1011 2601 1139 2668 utilitas
1154 2597 1216 2666 :ad

136 2721 230 2790 hanc
240 2719 454 2807 accedamus,
466 2721 622 2816 sepositis
632 2720 816 2792 commodis
832 2721 969 2790 nostris.
984 2718 1146 2801 «Dicitis,
1163 2718 1217 2784 in·
1242 2757 1257 2790 a

176 2939 587 3014 1.Quommquetefleaeeris,etc
601 2944 652 2998 Es-
701 2943 742 2997 ed.
755 2943 815 2996 iibri
828 2955 868 2996 :ct
880 2941 1003 2997 benedici
1013 2945 1217 3012 disputationem

137 3020 199 3071 detti
219 3019 321 3092 egregit
342 3020 446 3094 protulit
467 3020 602 3074 Cleanthes
624 3023 652 3075 iu
701 3021 968 3075 habendotetlulius
976 3018 1217 3075 Cessrltettsttrl-

138 3099 370 3172 ssymnsitud'eto,
385 3111 409 3153 et
421 3109 506 3154 noster
516 3101 606 3174 plenus
617 3115 654 3155 est
702 3099 769 3166 lico,
781 3099 827 3152 lib.
836 3100 876 3164 V,
887 3119 909 3155 e.
924 3099 965 3152 30.
973 3101 1007 3151 At
1015 3099 1154 3152 Pincianus
1164 3099 1217 3152 ele·

138 3175 217 3247 hujus
228 3176 373 3244 sententie,
387 3194 408 3231 e.
421 3195 442 3232 t.
451 3177 530 3253 Epist.
540 3191 585 3232 m
594 3179 652 3232 init.
702 3178 844 3250 gratiorem
860 3218 867 3245 ‚
892 3179 929 3230 uti
951 3177 1072 3251 putebat,
1090 3177 1216 3249 loquendi

137 3257 296 3310 txtxtttiin.
308 3257 477 3330 &neoeapud
487 3255 652 3314 hcuntlib.
702 3259 811 3308 iormetn
828 3255 934 3330 protulit
950 3255 1071 3326 deditque
1088 3273 1102 3306 e
1117 3254 1217 3325 conjec-

138 3334 193 3396 Vl,
205 3353 227 3386 c·
236 3336 276 3400 2⁴.
703 3347 757 3386 tura
771 3353 816 3386 sus
828 3351 835 3386 ι
847 3331 903 3387 Sed
912 3349 944 3386 ne
954 3337 981 3394 io
992 3337 1078 3386 uliam
1088 3335 1217 3400 disputo-

173 3431 198 3465 ι’.
213 3411 287 3482 ligo
309 3413 377 3466 iridi!
391 3417 460 3481 agis.
481 3413 517 3466 tl.
530 3431 570 3479 e.,
587 3412 654 3466 nihil
701 3415 796 3464 iiorsem
810 3429 848 3465 ιε
861 3411 966 3480 obliquo
978 3413 1081 3464 ahorn.
1094 3411 1146 3464 sed
1162 3431 1216 3466 nou

138 3489 379 3564 proiicis3inirrito
391 3489 604 3559 tusobiectioest.
703 3488 890 3564 dispiciendum
915 3507 967 3542 esse
988 3489 1075 3542 critico
1100 3500 1126 3540 et
1146 3507 1216 3562 repo

174 3567 393 3620 IX.Anu.lleum
403 3587 464 3642 ergo
474 3567 600 3622 benefida
610 3569 652 3621 da·
702 3567 833 3629 octoduro,
850 3567 918 3640 qnod
932 3567 1073 3642 elegantius
1084 3567 1131 3632 sit,
1144 3587 1216 3621 nunc

139 3660 187 3707 us,
205 3643 250 3698 scd
262 3645 316 3700 hec
327 3645 469 3714 beneficia,
485 3647 540 3700 sine
551 3667 596 3716 spe
608 3667 653 3700 re-
702 3647 769 3698 intcr
785 3665 875 3699 omnes
889 3646 986 3701 critic‘rs
1004 3646 1095 3717 peritos
1104 3657 1216 3710 constan

139 3721 334 3777 munerationis.
347 3721 506 3779 Beneficium
519 3726 599 3799 igitur
609 3745 654 3800 per
703 3723 750 3778 etsi
760 3725 802 3777 vel
814 3724 850 3778 sir
862 3743 917 3777 non
930 3724 1029 3792 desint,
1041 3724 1163 3794 quilleno
1175 3724 1214 3778 lc-

139 3817 167 3855 se
179 3803 357 3874 espeteudum.
373 3805 440 3856 Tum
454 3803 590 3878 diiigenter
607 3805 655 3858 eii·
704 3823 762 3876 gem
768 3803 842 3856 inscii
852 3804 973 3878 migrem
980 3803 1072 3876 qnippe
1081 3817 1139 3874 quer
1146 3801 1217 3856 hand

140 3880 240 3948 pendor
259 3899 328 3945 esse,
351 3883 443 3954 quibus
466 3882 589 3936 beneficia
609 3883 654 3937 de·
703 3901 793 3953 parum
808 3882 900 3954 judicii
918 3881 1032 3953 requirit.
1052 3881 1140 3935 Prima
1159 3899 1217 3932 orn-

140 3975 217 4022 snus,
237 3975 284 4012 nec
295 3959 423 4012 adversari
436 3961 484 4014 hoc
501 3961 653 4027 sententie,
704 3959 776 4012 nium
796 3977 825 4013 es
843 3961 970 4034 potissime
989 3959 1028 4012 lex
1047 3959 1143 4012 critices
1164 3972 1215 4024 est,

140 4037 266 4090 senessi·
287 4037 367 4103 dere,
386 4040 552 4108 eqretendnm
569 4055 613 4112 per
627 4059 656 4093 ss
703 4037 789 4090 sidere
808 4049 833 4092 et
854 4037 1021 4110 investigere,
1040 4037 1101 4106 qnid
1119 4036 1217 4089 auctori

140 4129 195 4172 isso
206 4127 260 4170 esse
271 4137 277 4172 :
289 4133 368 4190 usqne
382 4120 413 4171 td
425 4135 478 4193 cap.
488 4119 559 4170 xvl.
703 4115 811 4168 scribere
821 4115 957 4188 placuerit,
969 4133 1016 4169 nec
1028 4127 1120 4168 temere
1131 4115 1158 4167 iu
1169 4115 1216 4168 hac

176 4197 200 4250 3.
211 4197 268 4250 Sed
275 4201 400 4250 neuiiom
406 4199 610 4266 disputationem
618 4215 655 4249 ex
702 4195 877 4268 disquisitione
890 4215 979 4268 agere,
996 4210 1077 4265 neque
1088 4207 1219 4251 auctorem

141 4277 248 4344 odiiapuo
260 4275 381 4328 iubeam.
396 4276 439 4328 Sic
456 4292 543 4328 omnes
562 4293 608 4326 scr.
631 4287 655 4328 et
705 4274 787 4350 ipsum
801 4273 937 4330 emendus
948 4312 955 4342 ‚
966 4273 1008 4326 sed
1020 4273 1160 4327 librarium.
