2966 4948
427 517 873 606 Lln.1,cs1>.x111.
1121 515 1187 602 34⁵
1266 621 1269 626 ἱ

120 652 251 720 animos
274 673 376 744 supra
402 650 553 718 humano
577 648 738 733 tolleret,
768 646 939 721 Corinthii
967 668 1030 740 per
1054 645 1187 740 legatos

123 767 284 860 grntulmi
303 783 403 850 sunt,
428 781 463 834 et
479 767 614 836 civitate
633 765 729 834 illum
747 789 807 834 sua
825 761 1048 833 donaverunt.
1070 759 1187 854 Quum

122 885 253 953 risisset
269 883 458 974 Alexander
483 883 548 951 hoe
573 882 678 951 officii
704 905 839 976 genus,
870 903 958 950 unus
976 904 1017 948 ex
1042 878 1183 973 legetis:

122 996 241 1081 Nulli,
268 997 401 1088 inquit,
428 997 598 1064 civitatem
626 1019 777 1088 unquam
801 992 956 1064 dedimus
978 992 1057 1076 alii,
1075 1013 1187 1085 ,quam

123 1112 186 1180 tihi
201 1129 236 1181 et
251 1113 404 1182 Herculi.
419 1112 547 1180 Libens
560 1113 692 1206 accepit
705 1101 852 1181 delatum
865 1112 1029 1182 honorem
1046 1113 1072 1192 ¹,
1087 1124 1122 1176 et
1135 1108 1186 1176 le·

122 1245 219 1321 gatos
233 1230 432 1298 invitatione
448 1228 583 1321 aliaque
599 1229 808 1297 humanitate
826 1241 1042 1323 prosecutus,
1059 1226 1187 1319 cogitn-

120 1346 191 1426 vit,
210 1367 279 1413 non
295 1346 355 1440 qui
371 1344 435 1413 sihi
452 1345 621 1413 civitatem
634 1343 776 1425 darent,
795 1341 857 1426 sed
874 1343 930 1410 cui
944 1338 1128 1408 dedissent.
1145 1343 1187 1408 Et

120 1463 224 1530 horno
248 1463 364 1556 gloriae
384 1461 540 1544 deditus,
569 1462 666 1554 cujus
691 1484 755 1528 nec
782 1473 936 1528 naturam
962 1480 1026 1525 nec
1050 1455 1187 1525 modum

120 1595 284 1662 noverat,
299 1578 456 1648 Herculis
468 1583 480 1614 ²
495 1578 680 1670 Liberique
693 1577 836 1670 vestigia
848 1597 1010 1667 sequens,
1025 1595 1066 1642 ac
1078 1595 1123 1640 ne
1137 1569 1186 1639 ibi

119 1813 177 1866 baee
186 1833 290 1885 quoque
296 1813 424 1868 Plutarch.
430 1814 457 1868 in
465 1814 630 1868 librodebio·
679 1814 749 1887 rejici
759 1811 865 1883 debeat,
878 1826 903 1866 et
914 1813 967 1886 ipsa
977 1812 1072 1866 bonnm
1083 1829 1185 1866 sensnm

120 1890 242 1954 narehia,
264 1892 422 1946 Democratia
440 1905 465 1944 et
482 1892 630 1966 Oliqarehia
678 1891 790 1945 fundens
802 1904 826 1945 et
838 1892 953 1945 omnium
964 1889 1040 1946 codd·
1052 1909 1110 1943 mss.
1120 1888 1185 1942 anti-

120 1989 144 2020 e.
156 1989 180 2020 2.
192 1969 240 2021 To.
253 1969 318 2033 xlt,
329 1990 353 2039 p.
366 1971 430 2038 aod,
444 1969 484 2022 ed.
496 1970 567 2022 Hutt.
585 1970 629 2024 sed
678 1989 835 2042 quarumque
849 1968 908 2022 edd.
921 1967 1186 2022 etVineentiibellov.

119 2047 336 2120 Megarensibus,
356 2069 389 2100 se.
408 2048 504 2116 atticis,
524 2049 627 2112 tribuit,
680 2047 752 2120 Sper.
765 2047 824 2100 bist.
841 2047 881 2114 V,
893 2048 909 2102 6
920 2047 1064 2100 testimonio
1075 2043 1187 2099 firmata:

119 2125 190 2194 quod
214 2125 309 2179 Seneca
329 2126 360 2180 de
384 2125 521 2180 Corinthiis
536 2140 629 2181 narrat.
678 2125 839 2178 eoderenim
851 2124 950 2178 Nasarii
964 2143 1017 2178 nen
1027 2123 1129 2191 babuit,
1142 2123 1187 2176 sed

120 2199 166 2253 llli
178 2215 262 2254 tamen
276 2203 358 2274 major
368 2202 431 2256 iides
448 2204 565 2258 habende
577 2225 630 2259 esse
677 2203 853 2257 tantummodo
871 2202 987 2256 habuisse
1003 2221 1055 2254 mn
1072 2201 1187 2254 diturum

119 2280 223 2334 ridetur
238 2299 245 2333 ι
263 2281 379 2336 Corinthi
401 2284 468 2336 enim
491 2296 535 2336 aut
546 2285 630 2358 potius
677 2284 797 2337 bonnm
807 2281 940 2337 videbatur
951 2282 1061 2335 Grutero
1075 2279 1187 2333 :deinde

120 2358 233 2432 Ephyres
245 2359 315 2412 nulla
326 2359 356 2412 lit
367 2361 463 2414 mentio
475 2361 503 2414 io
513 2361 630 2416 Herculis
678 2361 829 2434 significatio
846 2361 969 2438 participii
984 2361 1097 2422 deintus,
1117 2369 1145 2410 ut
1155 2357 1188 2410 sit

118 2437 196 2490 rebus
208 2437 298 2510 gestis,
311 2439 381 2510 enjus
392 2477 399 2504 ,
412 2453 440 2492 nt
457 2440 586 2495 Alcmene
604 2451 632 2496 et
677 2436 1119 2510 obsolesaetusvulpaodnmondnm
1126 2453 1187 2488 eon·

120 2514 325 2580 Heraclidarnm,
332 2530 497 2570 monumenta
507 2519 629 2591 Megara,
677 2515 777 2572 firmata
785 2531 828 2573 est.
837 2519 913 2573 Sane
918 2517 1002 2588 itaque
1013 2513 1109 2568 critices
1116 2512 1185 2586 leges

119 2593 250 2646 Pausania
262 2595 274 2646 Ι
285 2636 292 2660 ,
306 2614 359 2668 eap.
369 2597 400 2662 40
410 2615 447 2665 sq.
463 2609 628 2661 memorante,
678 2609 781 2652 tuentur
792 2598 922 2670 vulgatam
933 2635 940 2662 ,
961 2605 1081 2667 respuunt
1092 2592 1184 2646 editam

119 2669 256 2722 exstabant.
276 2669 400 2726 Ceterum
421 2673 580 2725 Freinshem.
602 2675 630 2726 in
677 2693 693 2726 a
712 2674 793 2727 Gron.
813 2673 954 2728 lectionem.
970 2669 1083 2723 Proinde
1097 2667 1186 2722 reduxi

120 2745 252 2821 Supplern.
267 2747 348 2801 Curtii
361 2751 388 2816 l,
404 2748 434 2814 ¹4
450 2747 496 2802 lin.
508 2750 557 2803 boe
573 2753 630 2803 sae·
677 2764 787 2804 veterem
796 2752 940 2806 lectionem.

118 2838 174 2877 tum
185 2845 238 2879 esse
248 2825 324 2899 lingit
334 2827 429 2879 Thebis
442 2827 473 2880 ab
483 2827 628 2880 Alexandro
715 2851 737 2884 n.
749 2830 871 2883 Herculis
878 2829 947 2892 laus,
955 2845 1011 2899 qne
1020 2826 1062 2880 hic
1070 2825 1187 2892 habetur,

118 2904 158 2955 ltt.
169 2904 510 2978 eversis:qratulatumenim
519 2907 627 2972 venisse,
678 2913 745 2966 Stoa
755 2909 856 2984 proprie
870 2929 921 2963 esse
934 2907 1049 2972 videtur,
1062 2904 1134 2975 euius
1146 2904 1186 2957 li-

118 2980 190 3051 qnod
209 2982 357 3035 Grteeornm
368 2984 537 3053 quorumdam
549 2998 629 3037 teme·
678 3010 738 3044 neas
745 2989 838 3063 primas
844 2989 929 3041 ductas
936 2986 1028 3039 rrimus
1036 2983 1087 3055 iem
1097 3000 1111 3034 e
1123 2983 1186 3034 Pro-

118 3060 219 3112 ritatem
231 3074 254 3114 et
266 3061 425 3114 insolentiam
438 3063 592 3135 castigasset,
605 3075 630 3115 et
679 3068 736 3120 dieo
742 3087 780 3140 ap.
786 3065 1062 3138 Xenophontblemor.
1071 3060 1141 3113 Soer.
1148 3059 1185 3123 Il,

115 3139 184 3192 iram
192 3140 247 3212 ejus
256 3141 510 3215 mitigatum,qnippe
520 3143 630 3212 quirunt
682 3169 711 3216 ι,
725 3167 763 3199 21.
779 3167 833 3218 sqq.
849 3145 950 3198 Deinde
969 3155 993 3197 et
1004 3139 1150 3214 philosophi
1161 3150 1185 3190 et

117 3218 319 3274 Atheniensibus
343 3222 485 3275 sensissent.
507 3223 630 3275 Senecam
678 3226 789 3278 rhetores
805 3223 915 3276 Hercule
933 3234 1053 3292 tanquam
1071 3215 1184 3290 exemplo

118 3307 206 3349 antem
230 3297 295 3367 justo
323 3298 476 3370 iniquiorem
501 3301 577 3352 fuisse
601 3300 628 3354 in
677 3301 880 3376 prestantissima
889 3299 930 3352 usi
940 3310 999 3352 sunt
1007 3298 1038 3350 ad
1049 3291 1185 3349 fortitudi-

120 3374 297 3428 Alerandrum
309 3378 628 3433 M.n0tumest.Videnot.
678 3399 754 3444 nem,
778 3377 917 3451 justitiam,
940 3375 1141 3430 moderationem
1159 3383 1184 3426 et

119 3467 200 3508 nostr.
214 3455 247 3508 ad
259 3455 338 3528 Epist
350 3477 395 3528 qr,
412 3475 449 3522 ¹7·
677 3459 836 3530 prudentiam
858 3458 1044 3532 predicandam
1068 3469 1091 3510 et
1108 3476 1183 3510 eom-

156 3551 177 3582 ι.
193 3531 484 3587 vehementiorem·
496 3535 629 3587 Sieomnis
676 3535 857 3590 meodandam.
878 3535 919 3589 Cf.
929 3537 961 3589 ad
974 3536 1078 3589 Seneete
1090 3533 1182 3586 librum

118 3625 192 3666 vetus
204 3609 293 3678 lertio,
312 3625 412 3684 excepta
428 3613 490 3664 Nar.
499 3650 507 3678 ,
517 3633 579 3684 que
596 3613 627 3666 ad
677 3615 708 3668 de
718 3615 868 3668 Constantia
879 3613 1006 3687 sapientis,
1017 3634 1039 3667 e.
1051 3631 1083 3678 a,
1098 3611 1139 3664 31.
1154 3611 1182 3666 Si

118 3694 187 3745 bane
206 3702 292 3742 tamen
308 3690 382 3742 etiam
405 3690 494 3742 faciem
511 3690 628 3764 interpo—
677 3707 776 3761 tamen,
788 3707 816 3746 ut
826 3693 974 3746 historicum
989 3692 1074 3754 decet,
1087 3693 1114 3744 in
1127 3713 1181 3745 rem

118 3771 168 3822 lata
176 3767 256 3840 :prius
272 3787 334 3820 vero
349 3767 465 3821 habuisse
475 3769 575 3822 videtur
583 3791 627 3825 uc·
676 3770 798 3841 inquiras,
808 3770 873 3823 nihil
882 3771 932 3823 nisi
940 3771 1082 3823 fictioneset
1092 3789 1182 3843 pergn-

116 3847 240 3914 cepitnon
245 3847 358 3898 dilutum
367 3846 627 3921 bonorem,quodgns·
676 3849 712 3901 las
722 3849 845 3922 pictorum
856 3869 922 3909 esse,
932 3847 1005 3901 tacite
1016 3861 1052 3900 eat
1061 3848 1180 3920 reperire,

118 3925 158 3978 tui
174 3945 232 3977 meo
250 3944 349 3976 merum
365 3925 495 3990 mel,inro
510 3941 624 3980 nectar.»
675 3945 754 3996 quum
778 3927 895 3979 Herculis
912 3925 991 3978 vitam
1009 3931 1017 3990 (
1035 3925 1099 3978 eirea
1116 3925 1180 3978 13⁸0

119 4002 627 4078 Gnttenes.lure,additGron.,intelligit
675 4019 732 4058 ante
751 4004 812 4058 Chr.
828 4005 960 4059 bereberot
972 4003 1007 4056 ad
1022 4003 1179 4058 Herodotum

117 4103 172 4135 non
194 4082 374 4135 obsolelaetum
396 4082 532 4154 vulgando.
556 4083 626 4136 Hine
674 4081 776 4152 judice)
791 4084 820 4135 in
835 4080 1030 4156 tempornnullo
1047 4082 1180 4135 iereeultu

117 4165 201 4216 Gron.
219 4163 246 4215 in
259 4175 354 4214 textum
366 4162 477 4234 recepit,
488 4163 528 4214 eui
540 4175 624 4216 tamen
674 4164 795 4237 expolita,
806 4162 931 4233 nullisque
942 4162 994 4214 fere
1004 4160 1098 4214 artibus
1105 4161 1179 4215 bonis

115 4239 266 4311 adstipulari
280 4259 331 4291 non
343 4259 451 4309 possum.
464 4242 500 4292 tte
513 4242 623 4313 primurn
674 4239 938 4311 litterisqueilorentia
947 4238 1064 4292 incidisse
1075 4251 1178 4292 constet:

115 4317 220 4388 quidem
245 4337 320 4370 nemo
337 4317 441 4383 dixerit,
464 4337 507 4371 tur
522 4318 623 4392 iulgate
674 4319 781 4390 ideoque
792 4340 838 4374 nec
856 4320 964 4374 Fonteii.
981 4322 1136 4388 (Mr'moires
1145 4322 1179 4373 de
