2990 4942
530 440 702 509 orror
726 419 798 507 1112

125 570 240 636 matri.
268 571 344 635 Nou
371 565 472 636 desiit
498 569 612 663 itaque
639 572 741 640 Drusi
768 571 819 638 sui
848 568 1021 639 celebrare
1044 592 1189 651 nomen,

123 687 255 780 ubique
272 686 367 754 illum
386 685 451 753 sibi
468 669 626 779 privatim
645 687 850 780 publiceque
871 700 1136 778 repraesentare,
1158 700 1193 753 et

123 800 348 868 libentissime
368 798 410 866 de
427 799 485 869 illo
502 800 616 892 loqui,
635 800 678 867 de
698 799 756 867 illo
775 798 919 868 audire:
942 822 1046 889 quum
1065 821 1193 864 memo-

125 918 210 984 riam
243 916 382 984 alterius
409 939 507 984 nemo
528 932 642 1010 posset
675 917 825 984 retinere
848 940 889 984 ac
914 915 1131 1005 frequentare
1154 919 1188 996 ¹,

125 1033 210 1123 quin
233 1032 323 1098 illam
348 1033 475 1100 tristem
499 1032 562 1100 sibi
589 1031 761 1100 redderet.
794 1032 891 1124 Elige
918 1031 1054 1121 itaque,
1077 1043 1191 1096 utrum

125 1146 317 1240 exemplum
338 1163 436 1240 putas
461 1145 696 1240 probabilius,
717 1148 745 1214 si
775 1146 861 1213 illud
886 1144 982 1238 prius
1001 1144 1096 1236 sequi
1112 1144 1188 1219 vis,

123 1262 245 1329 eximis
259 1277 293 1330 te
306 1286 447 1360 numero
458 1263 611 1330 vivorum
629 1287 636 1328 :
656 1262 866 1331 aversaberis
879 1278 914 1329 et
926 1261 1054 1328 alienos
1068 1260 1193 1329 liberos

125 1395 159 1446 et
183 1395 259 1447 tuos
285 1380 489 1473 ipsumque,
515 1377 713 1448 desiderans
731 1384 770 1465 ’ς
794 1381 889 1447 triste
909 1377 1072 1446 matribus
1093 1403 1192 1446 omen

123 1518 309 1564 occurres:
331 1495 520 1588 voluptates
536 1495 714 1576 honestas,
731 1495 929 1587 permissas,
954 1509 1111 1585 tanquam
1132 1518 1193 1587 pa·

123 1634 198 1678 rum
211 1609 352 1678 decoras
365 1610 506 1678 fortunas
516 1627 581 1679 tuae
593 1612 739 1698 rejicies,
757 1611 898 1678 inrisam
911 1607 1054 1676 babebis
1067 1608 1189 1690 lucem,

122 1744 157 1794 et
174 1729 264 1794 aetati
289 1727 354 1794 triae
370 1718 397 1807 ³,
414 1725 506 1818 quod
526 1751 595 1796 non
614 1721 868 1820 praecipitet‘te
888 1726 1138 1819 quamprimum
1158 1742 1193 1793 et

119 1845 220 1912 ‘liniat
236 1837 264 1924 ⁵,
285 1842 497 1911 infestissima
523 1845 615 1912 eris:
644 1841 737 1934 quod
759 1844 989 1936 turpissimum
1019 1841 1193 1910 alienissi-
1217 1921 1218 1924 Ἴ

117 1983 283 2051 mumque
296 1974 348 2028 est
362 1960 475 2028 animo
502 1974 584 2040 tuo,
609 1959 644 2026 in
664 1959 839 2026 meliorem
858 1974 942 2027 noto
965 1973 1118 2052 partem,
1139 1981 1193 2024 os-

121 2070 242 2140 tendes
265 2087 297 2139 te
323 2073 439 2140 vivere
465 2070 581 2152 nolle,
606 2073 693 2138 mori
720 2096 788 2139 non
815 2094 912 2165 posse
934 2063 962 2138 ⁶.
994 2072 1029 2140 si
1058 2070 1102 2137 ad
1128 2069 1192 2138 hoc

118 2187 272 2256 maximae
292 2187 424 2254 feminee
446 2201 477 2251 te
494 2185 683 2279 exemplum
702 2186 909 2279 applicueris
938 2191 963 2268 ⁷,
986 2183 1192 2254 moderatius

1128 445 1190 508 125

123 2400 234 2453 ffisoes'.
249 2423 262 2447 α
277 2401 337 2455 Non
351 2401 428 2454 enim
444 2402 532 2453 eadem
545 2400 635 2455 deeora
687 2401 775 2473 (euius
788 2402 845 2456 ln‘co
857 2405 1024 2456 desiderabis
1036 2407 1108 2456 triste
1123 2415 1197 2455 antea

119 2477 277 2551 principibus
288 2478 367 2544 viris,
385 2491 410 2530 st
428 2479 575 2550 imperatori
591 2499 635 2552 po·
684 2480 797 2545 erat)in
815 2481 893 2534 MSS.
908 2482 1006 2553 aliquot
1026 2480 1160 2533 insanitur
1172 2493 1197 2533 et

122 2555 199 2630 pulo,
220 2572 276 2625 que
287 2555 393 2609 modieis
407 2555 524 2610 domibus
537 2569 580 2609 sut
596 2557 633 2610 ei·
684 2577 770 2610 sensus
787 2558 824 2611 sie
841 2558 934 2631 optime
955 2556 1093 2630 procedit:
1117 2576 1196 2626 quum

124 2633 253 2686 vitatibus.
269 2653 283 2678 ¹·
302 2634 382 2697 Tan,
406 2632 500 2687 Annal.
515 2633 561 2685 tib.
581 2635 636 2697 111,
688 2634 741 2704 ejus
752 2635 905 2688 memoriam
919 2633 1196 2705 frequentanreiugis‚

120 2731 174 2785 esp.
185 2711 210 2763 b.
228 2713 331 2762 Coesmi
345 2724 430 2763 autern
446 2711 588 2782 notandum
606 2713 636 2764 de
686 2726 778 2766 sumet
789 2711 1072 2766 aversarividerisaliis.
1083 2712 1194 2762 incisum

120 2789 277 2842 semin-dici
289 2829 296 2850 ‚
307 2791 376 2860 quod
388 2809 511 2860 nuquam
525 2789 633 2842 adverti.
685 2789 732 2844 ieci
744 2805 798 2865 post
816 2809 823 2844 ε
834 2795 986 2861 ipsumque,
1008 2804 1036 2844 ut
1050 2808 1137 2842 sensus
1149 2789 1198 2842 tls-

123 2867 289 2937 Certeneqne
302 2867 354 2919 nlla
374 2887 487 2938 unquam
505 2887 533 2921 ex
550 2870 635 2942 impe·
682 2869 1113 2941 1111111111,1111Ῑοτί1111101111),
1135 2867 1197 2919 Mu-

122 2945 325 2999 rantiumdomo
341 2946 529 2999 mulierCaesar
545 2959 633 2999 vocata
688 2959 741 2998 reto
766 2959 790 2998 et
809 2945 946 3000 Gronovio
963 2943 1106 2998 auctoribus
1123 2957 1197 3018 post:

125 3025 211 3090 fuiget
222 3023 311 3087 Liria,
321 3043 373 3095 qno
386 3024 425 3074 die
437 3023 634 3096 'l'iberlusprin·
675 3020 849 3078 desiderum.
877 3025 1015 3095 Sequentia
1032 3034 1143 3095 spectant
1166 3022 1198 3074 sd

123 3102 238 3174 tipstusn
246 3099 355 3153 obtinuit
361 3100 451 3168 (l'acit.
460 3139 467 3165 ‚
476 3101 567 3153 dnnsl.
579 3101 635 3153 bib.

688 3103 893 3176 superstitionem
911 3115 1023 3155 veterum
1042 3113 1148 3166 notam,
1170 3121 1199 3153 ex

128 3178 138 3228 l
151 3217 159 3241 ,
175 3199 228 3249 cap.
239 3180 254 3231 8
266 3183 292 3246 ),
313 3179 339 3229 in
355 3182 475 3250 Anguste
488 3198 581 3231 nomen
594 3179 637 3230 ad·
686 3201 792 3234 occursu
802 3183 890 3236 omnia
902 3181 1063 3254 capientium.
1077 3179 1196 3232 Aliorum

123 3269 222 3327 sumpta
230 3268 273 3308 est.

160 3336 635 3408 s.Quremmemoriumaiierius(Mar·

124 3413 203 3478 aelli)
219 3433 295 3466 nemo
310 3425 399 3482 posset
417 3418 523 3466 retinere
540 3415 634 3487 acfre-

123 3505 257 3563 quenture·
272 3495 363 3564 Quum
381 3493 412 3544 de
424 3514 471 3545 usu
485 3513 553 3546 nune
578 3493 638 3546 satis

124 3585 187 3624 noto
198 3579 241 3623 τοῦ
246 3571 415 3641 frequentare
427 3575 531 3622 minor,
544 3577 552 3631 (
565 3570 581 3623 i.
592 3573 641 3622 lre-

122 3661 231 3718 quenter
248 3647 352 3716 alicujus
371 3647 531 3712 meminisse)
546 3646 642 3700 dubita

123 3737 183 3777 runt
192 3725 325 3777 viriduni
334 3764 342 3787 ,
355 3737 378 3776 et
388 3725 502 3776 Muretus
513 3725 638 3796 reposuit:

124 3819 207 3876 posset
228 3818 370 3868 retentarr.,·
392 3806 506 3857 Gronov.
528 3805 640 3877 exempla

122 3884 240 3954 quedam
249 3883 327 3935 attulit
334 3881 640 3934 adbaneomuiumMSS.

124 3975 148 4012 et
159 3961 219 4014 edd.
230 3975 290 4013 vett,
304 3961 441 4014 lectionem
454 3961 641 4014 stabi'inndam.

157 4059 180 4091 a.
201 4041 405 4092 deseruistis...
424 4043 642 4110 ipsunrquedesi-

124 4121 224 4170 demus
234 4139 240 4175 ς
251 4119 352 4171 Mureto
365 4119 418 4171 hae
430 4118 506 4170 lectio
519 4117 637 4179 debetur,

123 4195 259 4247 Gronovio
267 4195 386 4267 probante
395 4199 560 4249 :deridemus
571 4196 639 4247 enim

693 3260 831 3312 tentamina
843 3260 916 3332 bujus
924 3259 973 3312 loci
982 3259 1081 3311 omitto.

719 3337 742 3390 3.
754 3337 850 3392 AEtaet
861 3348 921 3390 tna.
936 3336 961 3389 b.
975 3357 996 3388 e.
1006 3335 1131 3408 juventuti
1140 3347 1198 3387 tute.

720 3417 910 3485 d.Proecipitet.
935 3419 995 3468 Non
1028 3434 1034 3468 :
1068 3416 1199 3483 proeeipiet

688 3494 794 3570 sphalm.
809 3507 908 3568 typogr.
919 3493 1022 3566 llipunt.
1030 3492 1166 3544 sociorum.

724 3575 749 3624 5.
766 3571 801 3624 Te
802 3573 895 3642 finiet.
906 3571 1032 3624 Audasius
1050 3589 1125 3640 quam
1144 3587 1198 3619 rne-

690 3650 739 3702 lius
752 3687 759 3712 ‚
773 3670 819 3722 pro
830 3649 888 3702 vitae
899 3661 949 3703 ture
961 3647 1038 3702 finem
1051 3647 1172 3719 imponat.

721 3727 745 3778 6.
757 3727 831 3780 Mori
846 3748 897 3779 non
906 3747 991 3795 posse.
1002 3727 1059 3777 Non
1073 3743 1127 3776 eam
1145 3724 1198 3774 viru

690 3799 769 3858 animi
782 3818 806 3856 et
818 3803 995 3857 fortitudinem
1008 3801 1098 3856 babere
1115 3814 1200 3853 utne-
1241 3807 1244 3818 '

690 3905 743 3936 cern
755 3883 802 3936 tibi
814 3883 866 3957 ipsa
877 3881 1024 3935 conscissas.

734 3983 756 4030 7.
785 3961 967 4030 Appiicneris,
988 3960 1150 4010 moderatius
1168 3976 1200 4009 ae

690 4042 781 4091 mitius
787 4043 869 4090 crisin
876 4035 1116 4107 oenemnis.bipsius,
1125 4035 1198 4087 Eras-

690 4138 761 4170 mum
774 4129 872 4170 secutus
888 4128 912 4167 et
927 4113 1198 4187 MSS.,nsgatinnem:

689 4217 739 4247 non
757 4199 809 4247 eris
824 4192 965 4246 eliminavit
984 4213 997 4242 e
1018 4205 1092 4246 textu.
1111 4192 1197 4244 Recte.
