2976 4944
302 488 346 556 56
474 487 812 560 CONSOLATIO
837 491 905 559 AD
930 491 1178 564 HELVIAM.

299 623 391 714 pati,
412 620 661 715 propterquod
682 625 805 716 possim
829 621 896 691 dici
920 624 1042 706 miser,
1069 623 1193 690 nedum
1212 638 1355 715 propter

300 733 392 828 quod
407 739 544 805 miseros
561 735 660 805 etiam
677 761 765 829 quos
779 739 937 832 contingo
952 737 1070 806 faciam
1083 764 1091 804 :
1102 736 1247 819 deinde,
1270 739 1297 804 si
1311 735 1356 803 ad

300 867 333 918 te
353 853 529 933 transiero,
550 867 584 919 et
596 853 795 944 probavero,
814 877 857 922 ne
874 869 964 921 tuam
979 851 1117 945 quidem
1132 876 1266 946 gravem
1281 875 1356 918 esse

301 968 489 1052 fortunam,
513 993 588 1061 quae
605 983 673 1036 tota
692 993 730 1036 ex
755 993 828 1038 mes
843 967 1004 1065 pendet¹.
1023 973 1094 1038 Hoc
1111 971 1206 1062 prius
1230 992 1358 1061 aggre-

299 1084 385 1168 diar,
403 1085 493 1177 quod
505 1087 614 1178 pietas
627 1101 684 1152 tua
697 1083 815 1154 audire
830 1086 951 1179 gestit,
969 1085 1056 1153 nihil
1073 1085 1150 1152 mali
1165 1107 1237 1153 esse
1250 1084 1354 1167 mihi3

299 1203 326 1268 si
355 1202 419 1268 hoc
447 1198 509 1268 tibi
533 1199 762 1268 demonstrare
782 1224 850 1269 non
873 1218 1010 1296 potero,
1038 1203 1126 1293 ipsas
1149 1225 1205 1268 res
1232 1199 1358 1291 quibus

298 1339 351 1382 me
372 1331 470 1408 putus
483 1317 612 1408 premi,
630 1338 699 1382 non
713 1339 785 1383 esse
798 1315 1045 1398 intolerabiles,
1061 1314 1180 1383 facium
1198 1307 1359 1381 manifes-

300 1448 381 1499 tum.
404 1433 462 1500 Sin
476 1429 513 1499 id
530 1430 623 1500 credi
643 1455 711 1498 non
732 1434 880 1524 potuerit
897 1449 955 1508 ast
975 1455 1039 1524 ego
1054 1432 1135 1498 mihi
1158 1433 1229 1522 lpse
1248 1429 1356 1522 magis

300 1545 460 1637 placebo,
488 1542 580 1636 quod
606 1546 771 1640 intereas
796 1569 850 1612 res
869 1544 987 1612 beatus
1007 1569 1089 1626 ero,
1117 1568 1193 1635 quae
1218 1543 1358 1609 miseros

300 1661 408 1728 solent
422 1661 544 1728 facere.
560 1663 635 1728 Non
649 1675 699 1727 est
712 1659 804 1751 quod
817 1659 860 1728 de
874 1685 927 1728 me
935 1659 1011 1728 aliis
1024 1659 1142 1728 credas
1160 1686 1167 1726 ε
1184 1661 1256 1751 ipso
1270 1659 1332 1724 tibi
1347 1707 1357 1736 ‚

300 1797 344 1840 ne
361 1772 444 1864 quid
460 1774 597 1839 incertis
616 1773 830 1863 opinionibus
848 1774 1078 1866 perturberis,
1093 1769 1208 1840 indico
1223 1795 1357 1838 menon

300 1908 372 1952 esse
387 1887 557 1952 miserum.
578 1883 741 1975 Adjiciam
757 1934 766 1966 ,
783 1909 851 1976 quo
868 1886 1019 1956 securior
1034 1886 1099 1962 sis,
1120 1908 1182 1951 neo
1196 1884 1270 1951 lieri
1285 1884 1360 1975 qui·

300 2003 377 2070 dem
397 2025 494 2094 posse
509 2003 679 2068 miserum.

348 2120 390 2184 V.
413 2121 502 2186 Bona
524 2115 715 2185 conditione
736 2119 842 2212 geniti
863 2143 997 2200 sumus,
1021 2119 1048 2186 si
1072 2141 1146 2196 eam
1167 2141 1233 2184 non
1260 2117 1360 2184 dese·-

301 2233 480 2300 ruerimus.
502 2231 541 2299 ld
556 2233 627 2325 egit
642 2252 756 2300 rerum
773 2249 917 2317 natura,
939 2249 978 2301 ut
996 2233 1040 2300 ad
1054 2234 1143 2300 bene
1156 2231 1356 2309 vivendum,

300 2372 369 2415 non
387 2372 510 2441 magno
528 2363 691 2441 apparatu
710 2357 794 2440 opus
813 2364 912 2416 esset.
934 2349 1173 2440 Unusquisque
1193 2347 1303 2414 faeere
1323 2370 1360 2412 se

299 2461 434 2528 beatum
451 2475 572 2552 potest.
588 2464 678 2530 Leve
692 2475 894 2528 momentum
910 2463 945 2527 in
959 2459 1152 2527 adventitiis
1164 2459 1267 2527 rebus
1281 2474 1331 2525 est
1345 2508 1355 2537 ‚

239 2663 243 2672 1
299 2589 333 2640 et
357 2572 449 2665 quod
468 2575 505 2641 in
526 2590 681 2641 neutram
707 2589 837 2666 partem
865 2599 1002 2668 magnus
1023 2576 1112 2642 vires
1130 2573 1252 2641 habeut
1269 2599 1276 2636 ε
1293 2597 1358 2640 nec

300 2689 448 2759 secunda
472 2691 658 2782 sapientem
674 2693 687 2723 ²
706 2691 879 2773 evehunt,
908 2713 971 2758 neo
1000 2687 1140 2758 adversa
1164 2689 1357 2757 demittunt.

302 2805 481 2872 Laboravit
493 2805 583 2871 enim
595 2828 728 2895 semper
740 2854 748 2884 ,
762 2820 799 2871 ut
812 2806 848 2872 in
860 2828 896 2873 se
905 2805 1087 2898 plurimum
1098 2819 1257 2897 poneret,
1270 2804 1361 2871 intra

302 2943 338 2987 se
352 2943 449 2987 omne
463 2918 622 3012 gaudium
634 2934 776 3012 peteret.
791 2920 885 3013 Quid
901 2943 983 3014 ergo
998 2923 1207 3013 isapientem
1223 2944 1277 2987 me
1289 2943 1362 2987 esse

302 3032 403 3102 dico?
422 3035 582 3117 minime3
603 3057 681 3100 nam
699 3032 735 3100 id
753 3034 890 3125 quidem
909 3037 937 3103 si
953 3035 1105 3127 profiteri
1125 3059 1273 3127 possem,
1291 3058 1360 3101 non

304 3165 432 3217 tuntum
457 3171 616 3242 negarem
640 3148 801 3218 miserum
820 3173 874 3217 me
896 3171 988 3230 esse,
1011 3149 1070 3218 sed
1088 3151 1235 3217 omnium
1255 3150 1362 3216 fortu-

303 3267 528 3346 natissimum,
543 3281 578 3332 et
592 3265 627 3332 in
640 3266 787 3334 vicinum
801 3267 897 3334 Deo²
911 3265 1111 3359 perductum
1125 3265 1357 3358 praedicarem.

338 3455 357 3486 r.
367 3433 433 3504 Quoe
443 3443 496 3488 roto
505 3453 541 3488 ea·
549 3453 608 3486 tneo
615 3433 751 3500 pensicula
760 3431 808 3486 hac
856 3433 991 3508 bianempe
999 3455 1054 3504 qum
1059 3454 1097 3486 res
1107 3453 1233 3506 prosperas
1240 3435 1362 3486 forosem-

302 3531 328 3570 τε
342 3530 431 3582 nempe
442 3531 448 3571 ;
461 3529 539 3580 quum
552 3509 638 3572 exsilio
649 3507 697 3563 lilii
708 3529 763 3560 eam
774 3509 808 3562 ob
856 3511 1046 3584 pertomitatur.
1054 3513 1178 3564 Ceterum
1188 3506 1361 3563 idimsentenae

301 3607 401 3640 oausam
428 3600 506 3640 mater
522 3586 645 3660 praecipue
667 3587 812 3659 illacrymet
857 3589 911 3650 tite,
922 3588 989 3640 idem
1001 3593 1103 3657 φράσεως
1115 3602 1187 3645 tenor
1197 3607 1226 3640 ae
1238 3588 1265 3639 in
1276 3588 1357 3638 Hora-

301 3678 351 3731 tnr‚
363 3663 432 3733 quod
444 3665 494 3737 ipse
508 3664 576 3718 exsul
589 3665 678 3728 doleat
691 3666 809 3734 Namque
857 3667 925 3722 tiana
943 3665 1060 3738 stropha:
1074 3689 1087 3712 u
1099 3667 1212 3737 AEquaro
1233 3676 1360 3716 memento

301 3746 386 3799 abesse
403 3745 490 3810 hunc,
503 3758 528 3796 et
540 3744 571 3795 ab
585 3743 737 3802 amalissimo
754 3744 808 3796 lilio
857 3742 930 3794 rebus
941 3743 968 3795 in
980 3743 1065 3794 arduis
1078 3743 1183 3794 Servare
1191 3753 1299 3794 mentem
1309 3761 1361 3792 non

302 3823 525 3892 amantissimoque
544 3833 651 3874 matrem
669 3831 807 3891 separatam
856 3839 926 3880 serus
939 3819 966 3870 in
979 3819 1052 3874 bouis
1064 3819 1095 3872 alr
1111 3819 1229 3872 insolenti
1241 3831 1362 3888 temperas

300 3901 407 3972 degere,
422 3898 470 3960 hoe
478 3911 571 3970 spectat
581 3897 613 3949 ad
623 3899 730 3970 proprias
741 3897 806 3950 utili·
854 3909 905 3947 tam
913 3896 1010 3948 Laetitia
1020 3917 1042 3944 s.
1052 3894 1097 3948 lib.
1111 3897 1146 3958 ll,
1157 3895 1209 3946 0d.
1222 3909 1264 3947 ιιι.

300 3977 369 4037 tatis,
391 3976 498 4048 propria·
520 3974 653 4048 voluptatis
669 3993 771 4034 sensum
781 3986 806 4026 st
886 3972 909 4023 ³.
922 3973 957 4024 In
968 3976 1082 4026 uicinum
1093 3973 1159 4025 Deo.
1186 3975 1204 4026 l.
1217 3991 1238 4024 e.
1251 3973 1278 4024 in
1290 3991 1360 4024 oon-2

299 4053 453 4126 cupidinem.
852 4049 957 4102 sortium
965 4049 1021 4102 Deo
1029 4049 1221 4111 venire,Natnr.
1230 4049 1355 4115 Quoesth

332 4150 355 4183 a.
367 4131 492 4187 Endon!-
509 4131 616 4184 Poeticae
628 4131 740 4188 audacia
756 4150 805 4182 vox
852 4129 921 4200 prul.
932 4128 980 4195 §.5
997 4126 1091 4197 (lipsii
1106 4125 1253 4178 manuduct.
1265 4125 1292 4178 in
1301 4123 1359 4196 pluis

297 4213 467 4283 pro,sps'rs'lus
476 4211 804 4278 tapienusewduumuper·
853 4204 948 4278 losoph.
962 4205 1039 4259 Stoic.
1051 4205 1099 4270 lll,
1116 4205 1151 4270 ¹4·
1160 4207 1180 4268 J,
