2966 4948
441 458 537 528 trs.
563 459 599 544 1,
625 458 736 526 cnr.
764 457 830 530 tv.
1111 467 1178 558 329

99 592 168 660 bns
186 590 329 685 obligati
352 602 431 656 sunt
446 599 479 671 ¹,
500 611 537 658 re
553 589 737 682 animoque
751 595 764 626 ²
783 615 852 661 non
868 606 997 662 tsntum
1016 617 1175 688 sequare,

100 706 165 774 sed
177 708 315 776 vinoere
333 731 341 775 t
363 705 463 796 qula,
485 705 546 796 qui
561 705 693 775 referre
708 709 851 801 gratiam
864 707 987 795 debet,
1004 733 1179 805 nunquam

101 821 337 914 consequitur,
355 817 422 888 nisi
442 813 664 912 precessit³3
685 821 723 889 hi
741 821 887 892 docendi
907 841 987 894 sunt
1006 824 1096 893 nihil
1113 827 1182 893 im-

91 936 225 1033 'puture
240 965 248 1008 t
261 939 312 1008 illi
328 937 406 1031 plus
419 933 559 1006 debere.
572 937 627 1007 Ad
641 937 731 1007 benc
748 938 1021 1010 honestissimam
1035 955 1179 1030 eonten—
1206 961 1222 1026 t

100 1057 246 1137 tionem,
266 1053 443 1123 beneficiis
455 1052 624 1122 beneficia
638 1053 822 1136 vincendi,
838 1053 889 1122 sie
904 1077 967 1124 nos
978 1053 1181 1126 adhortatur

100 1171 341 1265 Chrysippus,
362 1182 402 1242 ut
412 1169 504 1238 diout
525 1167 714 1239 verendum
729 1194 825 1255 esse,
846 1195 910 1256 ne,
929 1173 1011 1266 quin
1023 1173 1180 1244 Charites

100 1289 197 1360 Jovis
219 1289 299 1360 filie
313 1303 415 1369 sunt,
436 1310 559 1379 parum
571 1310 608 1356 se
621 1302 719 1381 grute
729 1311 850 1382 gerere
864 1281 877 1332 ⁴
890 1291 1108 1386 sacrilegium
1118 1292 1176 1376 sit,

100 1419 136 1474 et
154 1421 223 1476 tom
239 1404 341 1476 bellis
366 1401 490 1496 puellis
509 1401 570 1471 fist
587 1402 726 1495 injuria.
758 1405 815 1472 Tu
835 1427 890 1474 me
907 1405 1039 1500 aliquid
1061 1431 1178 1478 eorum
1205 1433 1222 1484 ⁵

99 1520 188 1592 doce
203 1514 231 1604 ⁵,
250 1543 315 1613 per
329 1542 405 1611 quse
418 1516 667 1586 beneficentior
675 1567 686 1600 ,
705 1520 903 1612 gratiorque
914 1520 1077 1592 adversus
1088 1524 1179 1594 bene

100 1633 274 1709 merentes
300 1635 380 1704 lium
392 1681 404 1718 ,
432 1656 495 1726 per
513 1655 590 1726 quae
612 1632 860 1728 obligantium,
883 1635 1179 1738 obligatorumque

100 1752 209 1820 animi
225 1765 377 1832 certent,
395 1766 435 1818 ut
451 1749 513 1841 qui
531 1749 770 1842 prestiterim,
787 1749 1032 1823 obliviscuntur
1042 1749 1077 1840 ⁶3
1093 1779 1178 1852 por·

100 1870 197 1938 tinnx
217 1869 262 1938 sit
285 1868 447 1940 memoris
469 1864 679 1936 debentium.
702 1868 779 1952 Iste
802 1891 882 1938 vero
908 1871 1046 1964 ineptire
1069 1875 1181 1968 poetis

100 1985 344 2078 relinquuntur
359 2034 369 2066 ‚
386 1983 511 2077 quibus
523 2005 625 2052 sures
640 1981 811 2054 oblectere
830 1987 1042 2080 propositum
1055 2005 1127 2074 est,
1144 2005 1179 2060 et

101 2101 241 2174 duloem
254 2103 401 2174 lsbulam
415 2117 565 2172 nectere.
582 2101 628 2170 tt
643 2103 703 2194 qui
715 2103 854 2197 ingenia
866 2129 1011 2194 muare,
1027 2121 1062 2176 et
1074 2107 1178 2180 fidem
1203 2119 1220 2173 6

138 2381 163 2414 r.
183 2359 287 2432 Quibus
301 2359 411 2429 obligati
427 2365 496 2411 suut.
515 2355 617 2426 Quibus
668 2357 755 2429 gratia
767 2355 1178 2438 re'l'erstqnsmbenelieiisocepit.

102 2437 200 2491 debent
209 2437 318 2510 sliquid;
326 2435 477 2508 quibuscum
487 2433 619 2488 vinculum
668 2433 762 2490 Gallio.
772 2437 918 2492 redderetur
928 2439 1005 2493 bene:
1013 2461 1027 2488 s
1034 2453 1178 2510 mpeutot·

102 2517 235 2588 quoddam
265 2514 393 2569 eharitatis
421 2526 446 2566 et
479 2512 621 2567 referende
666 2516 1161 2588 tes'ndrelebutqu'euledeporsont.»

103 2595 193 2669 gratiae
208 2607 250 2648 est.
265 2593 346 2648 Cicer.
358 2593 391 2646 sd
401 2590 494 2646 Paruil.
505 2590 551 2646 tit.
564 2591 617 2657 vl,
701 2592 837 2659 4-Pmm
848 2605 956 2665 oegroto
964 2613 1062 2666 genre,
1069 2601 1178 2652 sacrile-

104 2695 119 2720 ιι
131 2671 293 2726 Dolabellam
306 2684 379 2726 autea
389 2670 567 2726 tanusmmodo
582 2670 620 2723 di-
664 2674 739 2740 glum
749 2673 792 2725 st’t.
801 2673 838 2724 lta
847 2671 925 2726 todea
937 2675 998 2726 Nes.
1008 2689 1015 2725 ε
1026 2672 1113 2746 sicque
1121 2675 1179 2728 hlu-

102 2750 233 2825 ligebam
247 2750 375 2824 obligatus
383 2749 407 2802 ei
423 2747 490 2802 nibil
505 2765 619 2802 erens...
667 2761 735 2803 retus
742 2749 802 2804 Var.
809 2751 886 2804 beru·
896 2751 962 2816 KH,
976 2769 1073 2822 rquuus
1083 2751 1110 2804 in
1118 2763 1178 2805 vett.

11 2849 13 2852 ·
102 2841 255 2884 nuneunto
264 2847 322 2884 sum
331 2829 466 2883 devinctus
477 2827 619 2900 ejusbene·
668 2829 739 2882 libris
756 2829 915 2896 invenisset,
938 2847 1037 2898 pomus
1056 2841 1178 2896 swale,

103 2909 176 2974 licio,
187 2921 216 2962 ut
225 2907 325 2964 nemini
336 2907 393 2981 plus
406 2905 537 2960 debean.-
547 2903 619 2959 ldern
669 2907 829 2961 emendavitt
835 2929 864 2978 p.
874 2916 983 2975 semu
988 2927 1015 2977 g.
1023 2907 1143 2960 Erumns
1150 2907 1179 2960 in

105 2987 163 3041 Oll.
171 2986 217 3040 lib.
226 2988 248 3051 l,
260 3005 314 3060 tap-
324 2985 621 3058 bllzsl’atriastparen-
668 2985 753 3058 priore
776 2983 888 3039 editione
905 2984 1010 3038 dederat
1029 3001 1036 3037 =
1056 2995 1180 3054 pulmo

103 3077 142 3119 tes
164 3064 236 3135 euius
246 3061 376 3118 benefieiis
390 3060 496 3136 obligati
507 3079 620 3114 sumne»
667 3064 1180 3135 oanemmms'rsgmsresoen'legs’umt

139 3164 163 3198 α.
177 3145 374 3214 Remumque.
385 3142 446 3195 Duo
457 3141 484 3194 b.
494 3140 512 3194 l.
522 3139 620 3194 distin·
667 3145 713 3198 sed
729 3157 813 3220 postes
828 3145 964 3198 inveniens
979 3144 1009 3198 iu
1021 3143 1107 3198 codiee
1121 3161 1180 3197 mss.

103 3221 178 3294 guli,
196 3239 254 3290 ql}
270 3219 454 3274 aeeuttllttiu
465 3218 621 3274 ”demendo
667 3221 798 3277 Putemus
806 3241 906 3293 pamm
917 3232 1020 3276 mate
1028 3240 1117 3293 geme
1129 3239 1180 3274 sa-

103 3311 181 3363 suut,
195 3317 286 3372 nempe
302 3298 367 3370 quid
385 3297 476 3352 datum
484 3297 561 3350 luerit
595 3309 623 3350 st
667 3303 801 3371 curlegium
820 3311 846 3355 et
861 3309 930 3363 tom,
947 3300 1116 3376 eto-,placuit
1130 3300 1180 3354 sibi

103 3399 158 3448 quo
171 3379 267 3434 tuisne.
281 3379 380 3451 Magus
393 3375 464 3434 enirn
480 3375 622 3446 aliquando
670 3380 697 3432 iu
708 3379 756 3432 bse
766 3379 924 3432 divinatione
937 3387 981 3430 tut
988 3389 1110 3446 putemus
1120 3397 1180 3431 ωη-

104 3476 184 3530 pnve
202 3469 227 3508 es
243 3455 358 3528 ingratiis
377 3454 523 3519 donantur,
540 3454 575 3507 ita
591 3465 621 3506 ns
670 3471 712 3514 m
722 3469 923 3528 perungerem
931 3457 1180 3525 sssrtt.,st.....tts-

103 3555 196 3608 parum
204 3533 622 3608 grataseeipientibnssiuttparvs
668 3557 719 3610 qne
730 3555 745 3589 a
759 3536 833 3590 dueta
841 3533 978 3612 marginali
989 3547 1048 3590 nota
1059 3555 1107 3589 nos
1117 3535 1182 3588 libe·

104 3628 159 3668 ιω
176 3615 283 3670 libenter
295 3615 437 3668 offeruntur
448 3651 457 3680 ,
468 3625 497 3668 ut
506 3633 621 3668 summo·
669 3630 707 3682 rat
717 3617 774 3670 eod.
783 3615 845 3668 Nss.

104 3715 165 3768 ptus
189 3695 311 3767 placeant.
335 3696 430 3750 Noster
439 3693 618 3766 Losomdon
703 3697 726 3749 5.
739 3691 1183 3763 Tu....doee.llustusadstripserats

105 3776 134 3826 in
155 3774 267 3829 carmine
289 3772 466 3828 venustissimo
481 3773 622 3828 mum
670 3772 840 3846 Chrysippum
853 3770 1000 3842 slloqnitur.

106 3863 132 3906 et
142 3845 245 3906 Busiris
259 3870 267 3907 τ
701 3851 727 3904 b.
742 3850 941 3904 otstoseoemr.
950 3850 1030 3902 Vetus
1037 3847 1182 3914 monitum,

671 3940 695 3982 et
710 3926 781 3999 qnod
798 3925 905 3980 Chiloni
925 3926 988 3992 (uui
1005 3937 1127 4000 neptem
1143 3943 1183 3978 ss·

667 4004 811 4081 pientlbus)
830 4005 949 4060 tribuitur
973 4003 1052 4074 :eim
1078 4002 1183 4056 nomine

108 4088 202 4142 Gallie.
213 4089 338 4144 diceretur
354 4109 399 4164 pro
415 4107 443 4142 re
459 4091 615 4158 animoque,
668 4084 796 4138 Ausonius
813 4087 855 4157 (p.
871 4085 918 4156 ¹⁴9
928 4084 1002 4156 bip.)
1022 4081 1057 4134 ite
1070 4081 1184 4135 uorsibus

106 4167 391 4238 lesoitrtl’s'etessts'on·
669 4161 955 4236 comprehenditzs'l'u
966 4161 1030 4213 bene
1039 4161 1062 4213 si
1071 4160 1134 4232 quid
1144 4161 1184 4214 la-

140 4247 164 4298 3.
178 4245 241 4298 Nisi
249 4248 385 4314 proemsit.
403 4245 436 4298 H.
457 4265 479 4298 e.
498 4245 547 4298 nisi
563 4243 619 4316 plus
670 4241 736 4308 sias,
752 4257 805 4296 non
822 4241 967 4295 meminisse
985 4243 1022 4294 las
1042 4253 1079 4294 est
1096 4239 1185 4308 :Qun

131 3975 296 4029 ...deeeptus-ts·
303 4007 308 4026 ,
314 3977 361 4020 o'est
367 3979 385 4020 le
391 3979 483 4031 emurqui
491 3979 519 4018 les
526 3979 597 4018 donne.
