2966 4948
236 1767 268 1818 ab

289 443 353 513 ψ
459 409 743 482 unisonus
768 410 993 482 cnsunu
1018 407 1202 478 nunus

410 541 521 606 Mollia
535 553 673 605 contorto
686 540 858 602 distendrmt
871 537 1000 600 stamina
1013 537 1079 600 suso
1094 561 1101 596 z

409 642 544 705 Vincunt
556 639 698 718 Tithoni,
717 641 840 702 vincunt
855 653 885 701 et
898 638 1038 700 Nestoris
1053 651 1177 700 ¹annos.

410 740 543 806 Phoebus
557 745 674 816 adest²,
691 755 838 822 cantuque
851 736 967 822 juvat³‚
982 741 1148 822 gaudetque
1162 734 1270 797 suturis
1284 757 1292 793 ε

411 841 452 904 Et
463 843 545 906 laenas
555 863 634 904 nunc
644 841 760 925 plectra
770 854 893 916 movet,
906 860 986 902 nnnc
994 859 1088 922 pensa
1097 836 1256 900 ministrat.

410 943 536 1006 Detinet
551 944 681 1004 intentas
694 955 802 1018 cantu,
817 940 952 1022 lallitque
967 940 1117 1001 laborem.

410 1043 554 1125 Dumque
564 1043 655 1104 nimis
664 1043 828 1118 citharam,
840 1040 1034 1122 fraternaque
1045 1035 1354 1111 carminabundus,

408 1140 480 1204 Plus
496 1143 586 1205 solito
602 1163 713 1205 nevere
727 1163 834 1204 manus
853 1165 860 1201 :
877 1141 1068 1222 humanaque
1083 1140 1144 1202 lata

412 1239 583 1304 laudatum
598 1242 781 1304 transcendit
796 1263 882 1326 opus.
895 1240 945 1303 Ne
959 1238 1107 1317 demite⁵,
1122 1236 1244 1313 Parce,

412 1337 545 1402 Pboebus
558 1338 600 1400 ait
616 1363 623 1399 ε
640 1339 739 1401 vincat
754 1338 892 1401 mortalis
908 1352 1048 1420 tempora
1066 1338 1148 1413 vitae,

415 1437 472 1504 llle
485 1439 560 1502 mihi
574 1438 681 1500 similis
695 1437 793 1516 uultu,
810 1439 974 1520 similisque
987 1440 1114 1512 decore,

412 1536 482 1599 Nec
495 1550 601 1608 cantu,
619 1557 676 1599 nec
690 1533 784 1598 νοοιε6
797 1536 898 1597 nnnor
915 1560 922 1593 ε
939 1535 1038 1598 l'elicia
1051 1533 1138 1597 lassis

414 1635 529 1700 Secula
542 1635 710 1718 praestabit,
725 1636 886 1718 legumque
901 1635 1020 1697 silentia
1034 1647 1183 1718 trumpet.

415 1735 524 1819 Qualis
537 1735 697 1798 discutiens
710 1735 853 1818 fugientia
864 1735 972 1799 lucifer
985 1747 1085 1810 astra,

411 1836 475 1898 Ant
490 1835 587 1917 qualis
604 1834 698 1918 surgit
710 1835 904 1898 redeuntibus
917 1835 1063 1918 hesperus
1078 1833 1166 1895 astris
1185 1857 1193 1891 :

417 1935 525 2018 Qualis
535 1955 628 2016 quum
640 1935 774 2017 primum
786 1935 920 1998 tenebris
935 1956 1046 1997 aurora
1057 1934 1162 1997 solutis

416 2039 536 2103 lnduxit
548 2039 714 2103 rubicunda
727 2039 809 2103 diem
821 2086 830 2118 ‚
845 2041 892 2103 sol
905 2042 1032 2124 adspicit
1042 2041 1151 2102 orbem

296 2219 397 2272 tendere
417 2229 502 2269 autem
519 2215 552 2268 de
571 2235 667 2288 magna
686 2216 757 2286 copia
776 2216 803 2268 in
886 2217 1099 2286 thalamoque
1113 2221 1242 2270 connino.
1254 2215 1320 2267 Nam
1336 2233 1365 2266 es

296 2316 343 2348 usu
354 2315 406 2348 ease
423 2307 512 2347 notum
525 2306 594 2346 estv.
603 2290 753 2346 e.eTibull.
761 2294 802 2359 ll,
853 2307 922 2364 patre
938 2295 1054 2367 Apollini
1071 2314 1167 2348 sorores
1194 2293 1271 2348 tribui
1298 2305 1367 2366 pote·

297 2377 323 2439 5,
335 2375 368 2442 84
377 2375 422 2428 ubi
431 2376 463 2426 cl.
474 2373 572 2448 lleynii
583 2385 636 2426 not.
650 2384 675 2424 et
686 2371 750 2425 obss.
760 2371 804 2425 sie
853 2387 909 2426 rant
915 2374 1011 2440 Parcae,
1019 2395 1097 2450 quum
1104 2375 1256 2446 quibusdam
1264 2373 1365 2444 Jupiter

297 2453 441 2506 Columella
454 2453 486 2520 X,
502 2453 553 2506 306
571 2451 603 2504 de
621 2450 690 2504 cultu
709 2449 804 2504 hortor.
853 2452 943 2505 Parcas
954 2451 1051 2505 dicatur
1061 2453 1191 2525 genuisse,
1204 2451 1309 2503 Themis
1321 2469 1366 2522 pe-

296 2530 342 2582 ait:
350 2532 424 2583 «Jam
435 2549 492 2584 rosa
501 2529 627 2582 distendat
637 2529 746 2582 contorti
755 2542 806 2583 sta-
853 2529 953 2602 perisse.
973 2528 1128 2600 Quanquam
1144 2529 1211 2603 apud
1230 2528 1364 2600 plerosque

296 2609 367 2662 anina
375 2609 469 2682 juuei.»
479 2607 645 2662 Descendunt
653 2621 806 2680 tamen‚qun·,
853 2606 931 2659 Erebi
946 2621 970 2659 et
980 2608 1068 2660 Noctis
1081 2608 1141 2661 ialin
1152 2607 1286 2661 habentur.

297 2689 374 2743 altera
385 2689 459 2742 lectio
470 2699 520 2753 est,
531 2685 636 2740 delendi
646 2706 747 2757 quoqne
761 2707 807 2754 po·
887 2689 910 2738 5.
920 2685 1070 2740 Nedema'te.
1080 2689 1111 2739 ln
1119 2687 1175 2740 cod.
1184 2688 1209 2754 β.
1218 2706 1298 2739 manu
1308 2706 1366 2739 cor-

297 2779 362 2819 test:
384 2767 429 2819 secl
443 2765 509 2819 illud
525 2763 697 2838 pugnantius
716 2777 769 2829 est,
784 2778 808 2817 et
856 2763 958 2816 rectoris
978 2764 1129 2840 adscriptum
1143 2777 1197 2817 erat
1215 2782 1222 2817 τ
1240 2765 1365 2816 redimite.

298 2845 453 2918 repetitionis
465 2851 508 2896 τοῦ
523 2843 678 2896 descendunt
689 2862 702 2894 e
714 2862 778 2896 vers.
792 2863 809 2916 q
856 2843 1365 2918 Male-Nedemite·Suppl.qnidquam

297 2923 403 2977 tedium
416 2921 490 2976 tollit.
857 2941 886 2973 ex
895 2939 970 2995 opere
979 2936 1071 2975 vestro.

335 3020 355 3052 a.
372 3003 487 3053 Vrncmt
487 3033 529 3052 .....
538 3015 630 3050 mma.
641 2997 738 3052 Vitiose
745 3000 809 3052 Nes·
889 2998 914 3052 6.
925 2998 978 3052 Nec
988 3009 1081 3060 cunm,
1091 3018 1135 3052 nec
1145 3019 1212 3054 voce.
1223 3001 1287 3053 llaec
1298 3012 1365 3073 patet

298 3089 355 3139 tor,
366 3077 411 3149 qui
424 3095 478 3130 non
490 3075 588 3128 tamdiu
598 3073 660 3127 vixit
671 3096 748 3145 quam
764 3077 809 3129 Tt-
858 3075 1073 3146 quamlaciautad
1083 3075 1259 3129 deliniendum
1268 3079 1364 3130 fatuum

300 3155 412 3219 tironus,
435 3153 605 3228 postponitur.
630 3152 764 3222 Tithonus,
776 3155 808 3208 ab
857 3153 993 3226 juvenem,
1008 3155 1053 3226 qui
1067 3155 1245 3230 imperatorem
1257 3174 1284 3208 se
1296 3151 1366 3207 obtiss

300 3234 400 3284 Aumra
411 3244 507 3283 amatus
521 3242 546 3282 et
559 3229 747 3285 immortalitate
757 3232 810 3284 do-
858 3245 914 3295 tus,
927 3231 960 3283 ad
971 3232 1078 3285 mimum
1089 3253 1116 3286 se
1125 3233 1217 3304 abjecit
1226 3245 1251 3284 et
1261 3252 1292 3285 eo
1302 3234 1367 3284 l'uro·

300 3322 381 3374 natus,
394 3329 423 3362 ex
433 3309 548 3362 llomern
560 3307 809 3380 etVirgilionotissi·
858 3309 892 3362 ris
904 3309 1033 3384 prolapsus
1045 3323 1081 3362 est
1096 3323 1125 3363 ut
1136 3331 1181 3380 pro
1194 3309 1289 3364 calesti
1305 3329 1366 3362 vnce

300 3407 358 3441 mus
369 3400 413 3442 est.
859 3387 1003 3453 immolari,
1017 3387 1081 3440 litari
1097 3389 1203 3460 juberet.
1214 3388 1274 3444 vid.
1287 3388 1367 3441 Tacit.

335 3486 358 3518 a.
375 3465 490 3518 Plutus
509 3469 593 3520 adest.
609 3467 680 3522 Bene
699 3465 811 3520 Phubus
859 3467 999 3521 Annalium
1008 3467 1151 3534 libroXVl,
1164 3489 1217 3543 cap.
1228 3489 1260 3521 aa
1272 3467 1345 3534 ‚init
1359 3507 1367 3533 ,

300 3545 386 3598 adesse
403 3543 502 3616 iubetur
514 3565 529 3597 a
539 3557 629 3618 poeta,
647 3565 726 3616 quum
739 3547 809 3597 Nero
858 3546 904 3598 ubi
917 3545 1078 3600 Cossutianus
1090 3546 1197 3620 Capite,
1210 3546 1273 3600 dum
1284 3545 1368 3598 Thra-

301 3623 550 3698 poeticesetmuaices
558 3622 810 3678 esactamantissimns
859 3646 926 3680 seam
938 3627 1103 3691 criminatur,
1116 3627 1184 3679 inter
1195 3646 1292 3700 magua
1307 3625 1366 3678 huic

302 3710 327 3754 et
335 3699 523 3775 pulchritudine
533 3714 658 3772 cantuque
665 3721 722 3754 cum
733 3700 812 3772 Apol·
859 3703 945 3776 objicit
952 3705 1021 3774 qnod
1028 3724 1072 3778 pro
1081 3704 1242 3778 imperatoria
1247 3723 1311 3757 voce
1316 3723 1369 3756 non

302 3779 354 3832 line
370 3791 561 3851 compararetur.
578 3777 664 3846 Quare
680 3798 733 3831 non
743 3777 810 3830 mala
859 3781 1036 3834 immolaverit.

303 3858 401 3910 Neroni
411 3856 520 3911 Pboebus
531 3857 616 3910 lavere
628 3856 728 3909 dicitur.
894 3879 917 3930 7.
926 3859 1078 3930 legumque
1088 3862 1195 3912 silentiu
1209 3867 1319 3929 mmpet.
1337 3860 1370 3913 Et

336 3936 361 3989 3.
374 3937 596 4006 Contrsmsejneat.
607 3933 668 3987 Sive
682 3934 753 4005 quod
765 3947 806 3988 te·
860 3936 959 3991 dudum
976 3938 1175 3991 obmutescentes
1189 3936 1259 4009 leges
1276 3937 1369 3990 iterum

302 4013 376 4068 ‹liurn
383 4011 448 4066 fallit
456 4012 582 4077 cauendo,
591 4011 654 4078 sive,
668 4025 697 4065 ut
705 4013 811 4066 iuleriua
859 4013 932 4086 loqui
950 4028 974 4068 et
990 4014 1102 4088 deposito
1119 4015 1209 4068 timore
1228 4015 1329 4068 decreta
1346 4027 1371 4066 et

304 4111 364 4144 mox
384 4089 463 4158 dicet,
475 4089 544 4161 quod
560 4089 727 4155 ,modulante
748 4091 810 4160 illo,
859 4090 951 4165 placita
960 4111 1004 4145 sua
1013 4094 1125 4166 prolerre
1134 4091 1177 4144 ille
1187 4091 1291 4163 jubebit.
1302 4091 1370 4144 lle.

305 4169 384 4243 «plus
393 4168 469 4222 colito
479 4188 571 4222 nevere
585 4186 683 4224 manus.
698 4191 712 4218 a
860 4169 1208 4242 justitiamjacentemeriget.
1302 4241 1305 4248 Ι
