2952 4938
293 441 361 516 686
628 437 698 508 DE
721 431 1027 510 BENEFICHS

253 604 267 636 a
295 565 432 642 lenisse!
451 567 613 638 llenefieii
631 569 681 638 tui
698 569 761 652 tibi
778 570 881 638 mam
895 566 1096 636 infelicitee¹
1111 565 1258 659 placeat.
1272 565 1365 638 sem-

240 753 245 760 .
294 713 356 783 per
375 686 470 756 illum
489 685 689 779 poenitebit,
706 689 734 755 si
748 702 781 755 te
793 709 941 780 nenuno
960 683 1097 776 quidem
1118 686 1276 776 poenitet.
1293 689 1367 756 Non

295 820 365 888 est,
380 800 472 896 quod
482 800 673 895 indigneris
688 817 847 896 tunquam
858 799 991 898 aliquid
1002 803 1082 870 novi
1094 800 1281 870 acciderit:
1297 827 1366 871 ma-

294 922 347 1012 gis
357 917 475 988 mirari
488 916 650 1002 deberes,
665 917 779 988 sinna
794 915 985 990 accidisset·
999 916 1114 990 Atium
1129 917 1239 1000 labor,
1262 919 1365 986 alium

294 1038 451 1130 impenn
468 1033 647 1104 detenet:
665 1033 770 1102 elium
788 1033 1000 1128 periculum,
1017 1032 1121 1102 alium
1142 1036 1253 1127 turpis
1267 1059 1366 1104 rere-

295 1149 504 1236 emtique,
515 1147 596 1220 dum
610 1147 736 1231 reddit,
756 1149 901 1218 fetentur
914 1150 1105 1242 accepisse¹
1119 1177 1127 1216 :
1142 1151 1248 1220 alium
1268 1155 1369 1250 igno-
1462 1197 1463 1210 κ

253 1276 272 1330 ³
297 1269 406 1338 rantis
423 1263 549 1348 officii,
569 1263 673 1332 elium
686 1264 845 1360 pigritia,
865 1263 970 1332 alium
986 1267 1176 1358 occupatio.
1193 1265 1365 1364 Adspice,

297 1380 579 1480 quemadmodum
590 1382 762 1450 immensae
771 1381 947 1449 hominum
964 1381 1166 1474 cupiditates
1177 1383 1277 1452 hient
1288 1408 1370 1452 sem·

295 1523 371 1593 per,
392 1514 427 1566 et
444 1509 584 1591 poscant
611 1520 619 1560 ι
645 1517 714 1562 non
739 1493 919 1562 miraberis
938 1493 986 1560 ibi
1002 1495 1172 1562 neminem
1194 1494 1365 1576 reddere,

296 1613 356 1680 ubi
367 1633 466 1680 nemo
477 1609 557 1676 sutis
567 1608 703 1700 accipit.
719 1607 810 1700 Quis
825 1622 875 1675 eet
890 1607 1028 1674 istorum
1044 1621 1111 1675 tam
1123 1609 1232 1676 firmae
1247 1611 1371 1677 mentis
1466 1634 1467 1650 ¹

296 1751 337 1798 uc
360 1722 501 1810 solido,
530 1739 568 1792 nt
594 1740 665 1792 tuto
684 1721 777 1817 apud
794 1746 871 1790 eum
889 1722 1057 1792 beneficia
1074 1722 1254 1818 deponas?
1271 1725 1371 1792 Alius
1467 1767 1468 1782 ι

298 1839 442 1910 libidine
459 1838 606 1919 insanit,
623 1837 710 1908 alius
722 1834 895 1908 abdomini
914 1837 1041 1919 servit,
1057 1837 1145 1908 elius
1158 1839 1246 1906 lueri
1262 1831 1371 1906 'tonis
1468 1899 1469 1908 ,

297 1973 365 2036 est,
393 1955 490 2049 eujus
511 1978 694 2037 summam,
723 1947 810 2022 non⁴
836 1953 908 2022 vias
931 1949 1101 2048 spectnt⁵z
1123 1955 1215 2024 alius
1236 1953 1370 2024 invidie

298 2076 429 2147 laboret
441 2123 452 2159 ,
478 2073 566 2142 alius
587 2095 676 2144 nece
692 2071 896 2154 ambitione,
928 2087 964 2140 et
987 2073 1027 2142 in
1048 2073 1180 2166 gladios
1198 2075 1366 2142 irruente.

257 2194 274 2260 l
299 2193 420 2286 Adjice
439 2207 609 2284 torpore·
626 2191 749 2258 mentis
766 2213 807 2258 ec
825 2191 976 2272 senium,
1000 2206 1035 2258 et
1053 2191 1137 2262 huie
1160 2191 1369 2260 contr-ariam

299 2311 444 2404 inquieti
468 2308 617 2401 postoris
637 2307 876 2400 agitationem,
903 2307 1135 2400 tumultusque
1158 2325 1367 2403 perpetuos3

297 2426 409 2520 udjioe
423 2425 675 2494 estimationem
687 2424 742 2492 sui
752 2423 891 2492 nimium
901 2439 936 2492 et
949 2439 1134 2508 tumorem,
1147 2424 1279 2517 obqure
1289 2449 1371 2494 oon-

297 2541 500 2616 temnendus
520 2535 595 2610 ast⁶
619 2539 836 2608 insolentem.
855 2539 953 2632 Quid
969 2543 1214 2612 conmmaciam
1233 2543 1270 2609 in
1285 2567 1370 2635 per-

296 2683 395 2730 versu
405 2659 604 2742 nitentium,
615 2653 700 2748 quid
711 2655 880 2728 levitatem
894 2681 1028 2752 semper
1039 2658 1106 2728 elio
1118 2659 1369 2728 transilientem

259 2777 444 2870 ⁵loquar?
467 2778 543 2844 llus
568 2771 708 2842 socedat
735 2775 908 2843 temeritas
933 2799 1109 2870 preceps,
1135 2791 1171 2846 nt
1192 2799 1371 2870 nunquam

333 3007 682 3088 r.1qselicr'tasMslsetbono
692 3026 807 3062 sneoessn
856 3010 1021 3083 reuist,jure
1035 3012 1187 3076 mirande,
1202 3033 1236 3066 sn
1253 3013 1369 3079 seelere,

298 3111 384 3152 esrem
394 3086 512 3144 beneficii
525 3085 602 3140 detio.
856 3085 921 3140 nibil
932 3099 1008 3140 rurrt.
1022 3087 1070 3142 vi.
1078 3101 1164 3142 sutem
1172 3087 1248 3154 lutri,
1258 3092 1302 3144 ris
1310 3111 1370 3165 pm-

330 3171 808 3244 s.Ne‚dumreddit,sateaturaere·
856 3184 954 3230 mm,
973 3165 1015 3220 vit
1035 3167 1150 3238 frendit,
1167 3167 1296 3231 oonsilb',
1319 3181 1369 3222 etr.

295 3263 373 3330 pisse.
380 3259 402 3311 1.
410 3279 433 3312 e·
442 3258 483 3310 Ne
493 3255 543 3308 hor
552 3253 607 3326 ipso
619 3251 678 3324 quis
687 3251 771 3306 reddit
780 3269 807 3304 se
855 3244 884 3298 in
896 3264 944 3306 nso
954 3257 1034 3298 erut.

297 3336 394 3410 aliquid
407 3335 529 3408 irrupisse
541 3335 653 3386 letatur.
890 3326 913 3378 5.
928 3325 1300 3390 Colossummmmuos'as
1314 3341 1373 3390 sps»

331 3417 356 3470 ³.
366 3414 447 3470 Lucri·
457 3424 535 3468 rosus.
545 3411 588 3468 sie
608 3409 685 3464 multi
698 3409 809 3464 reddet
855 3413 927 3458 ctat:
941 3414 1003 3456 este
1021 3401 1078 3454 eod.
1094 3403 1156 3455 Ner.
1169 3415 1194 3454 et
1205 3422 1221 3456 s
1232 3402 1371 3454 Grenorio

297 3495 420 3552 Erssrnir.
431 3493 469 3546 ed.
480 3511 569 3564 mergo
579 3490 623 3546 :iu
634 3489 687 3558 eius
697 3500 764 3542 term
772 3498 809 3542 est
855 3480 955 3554 egregie
971 3477 1142 3533 conlimatur.
1161 3480 1262 3534 humi
1285 3478 1366 3531 editio

298 3581 423 3630 lutosus.
433 3572 485 3626 Sed
496 3566 722 3638 Gruteriqninque
733 3565 807 3620 eodd.
855 3558 950 3612 babet:
965 3564 1036 3622 cujus
1053 3577 1188 3612 summam
1199 3578 1252 3612 nou
1269 3560 1364 3610 sirm.

270 3695 280 3712 .
297 3655 434 3710 hscritosus
446 3685 454 3714 ‚
467 3647 536 3702 nude
551 3657 635 3699 norm
650 3643 726 3698 lertio
744 3663 808 3696 ron·
855 3637 926 3692 Idem
940 3635 1018 3690 rodez
1029 3655 1088 3688 eum
1104 3633 1160 3688 Col.
1172 3635 1309 3708 deinceps:
1321 3639 1369 3686 s'rr-

298 3731 426 3796 firmatnr,
439 3745 495 3798 que
507 3738 531 3780 et
541 3723 630 3796 mgni
640 3719 756 3774 Sslmssii
769 3737 808 3772 ss-
852 3716 957 3788 gladios
970 3716 1100 3782 irmeute5
1115 3713 1203 3787 suigg.
1218 3715 1248 3766 ιἰι
1259 3714 1366 3784 φῶ,

297 3831 372 3866 sensu
381 3807 475 3883 gaudet
485 3805 517 3859 sd
530 3800 644 3874 Simplie.
655 3820 679 3872 p.
697 3818 723 3864 sq
734 3837 742 3862 ,
753 3795 807 3850 lrn·
854 3803 950 3847 niente.

297 3888 350 3945 tui
362 3904 436 3960 suprs
449 3883 482 3936 sd
492 3882 546 3946 111,
557 3878 614 3946 4-b.
628 3879 689 3930 Non
700 3875 805 3941 mirum,
888 3871 913 3925 6.
928 3870 970 3924 ob
982 3890 1041 3942 qua
1059 3870 1258 3924 wntemnendus
1269 3876 1317 3920 est.
1336 3867 1369 3920 ln

298 3967 367 4038 quod
388 3963 487 4020 doctior
509 3973 594 4016 nostru
620 3957 694 4012 lertio
715 3975 809 4010 eorru-
857 3950 953 4024 iisipsis
961 3945 1370 4008 insolesorntemetsemirantern,

298 4045 380 4119 ptioui
392 4041 550 4098 occasionem
562 4035 668 4092 dederit.
857 4029 891 4084 ob
904 4047 961 4100 ques
977 4026 1104 4101 despicere
1121 4023 1203 4115 mpgis
1223 4025 1263 4098 jus
1280 4036 1336 4114 erat
1347 4035 1373 4076 et

332 4127 357 4190 4.
371 4124 449 4187 Grsjru
461 4135 607 4178 εωηιηαω,
625 4133 693 4178 noo,
707 4123 755 4166 etr.
766 4103 808 4164 De
859 4105 1021 4160 desestimsre.
1039 4105 1133 4158 Nonne
1146 4122 1175 4158 sn
1188 4122 1262 4156 renis
1280 4123 1336 4158 imo
1346 4113 1373 4155 et

300 4219 397 4254 summe
408 4210 507 4252 uotum
517 4206 554 4249 est
565 4191 700 4256 sollicitus,
709 4187 809 4260 queris
860 4185 943 4260 pravis
954 4183 1068 4260 plerique
1079 4204 1106 4238 ss
1113 4179 1251 4236 attollunt?
