2966 4948
303 469 371 538 316
635 463 704 532 DE
727 464 1042 534 BENEFICIIS

303 597 542 690 occupationes
556 595 747 679 simulavit,
763 596 874 688 longis
890 594 1122 676 sermonibus,
1141 611 1177 662 et
1194 595 1238 662 de
1252 596 1370 664 indus-

303 719 371 786 trie
382 739 452 784 non
469 712 723 782 invenientibus
745 715 890 797 exitum,
908 713 1118 782 occasionem
1134 713 1275 806 petendi
1294 713 1372 782 abs-

306 833 408 918 tulit,
432 849 467 899 et
484 832 588 900 variis
607 831 740 898 artibus
752 845 974 923 properantes
991 831 1205 898 necessitates
1220 836 1229 866 ¹
1242 830 1372 899 elusit?

266 955 284 1008 6
308 953 348 1019 ln
362 965 504 1043 augvrsto
517 971 598 1017 vero
611 947 893 1040 comprehensus,
910 963 969 1013 ant
984 946 1132 1028 distulit,
1149 947 1265 1028 idest,
1284 949 1375 1015 timi-

309 1063 352 1132 de
369 1065 523 1156 negavit,
540 1077 599 1129 unt
614 1061 792 1154 promisit,
811 1059 872 1128 sed
890 1058 1096 1142 difficulter,
1122 1059 1183 1128 sed
1198 1059 1375 1128 subductis

309 1179 501 1272 superciliis
516 1185 552 1262 ²,
582 1177 643 1246 sed
669 1168 850 1270 malignis³
869 1190 903 1244 et
926 1178 981 1242 vix
1007 1176 1209 1244 excuntibus
1232 1175 1376 1244 verbis?

308 1299 416 1365 Nemo
433 1311 546 1364 autem
565 1294 712 1362 libenter
730 1293 853 1377 debet,
872 1292 965 1384 quod
980 1316 1049 1360 non
1068 1294 1221 1386 accepit,
1244 1292 1308 1360 sed
1324 1317 1379 1359 ex-

308 1415 447 1507 pressit.
468 1416 593 1482 Gratus
608 1435 682 1478 esse
700 1410 859 1478 adversus
874 1433 951 1476 eum
967 1409 1146 1501 quisquam
1160 1425 1297 1502 potest,
1318 1411 1377 1502 qui

310 1529 515 1599 beneficium
529 1544 589 1596 aut
600 1526 746 1621 superbe
762 1525 887 1618 abiecit
904 1518 932 1606 ⁴,
949 1541 1007 1592 aut
1022 1527 1129 1592 iratus
1142 1527 1305 1620 impegit,
1322 1543 1379 1593 aut
1475 1585 1476 1620 ,

312 1647 483 1742 fatigatus,
499 1663 538 1714 ut
550 1647 702 1714 molestia
713 1662 857 1728 careret,
869 1642 964 1712 dedit
976 1645 992 1711 t
1004 1647 1114 1726 Ertut,
1131 1646 1160 1713 si
1174 1647 1252 1737 quis
1266 1663 1379 1738 sperat

312 1769 575 1858 responsurum²
599 1762 683 1845 sibi,
708 1785 811 1854 quern
832 1761 993 1828 dilatione
1020 1759 1175 1844 lassavit,
1204 1778 1379 1855 exspecte-

163 1893 168 1904 '
273 1913 287 1958 t
314 1883 405 1950 tione
431 1883 528 1950 torsit
545 1877 573 1948 ⁶.
601 1880 728 1948 Eodem
753 1880 865 1948 animo
888 1877 1094 1946 beneficium
1118 1877 1287 1965 debetur,
1315 1903 1380 1972 quo

352 2083 371 2114 ι.
382 2065 492 2116 Artibus
507 2073 618 2134 peteme
631 2065 708 2116 elusit
720 2069 822 2134 prestat
871 2058 924 2128 Qui
942 2059 992 2111 cito
1009 2059 1069 2122 dat;
1089 2059 1190 2112 minimi
1208 2059 1292 2132 gratia
1310 2059 1379 2110 tarda

314 2143 466 2194 Vincentius
477 2141 663 2194 bellovacensis
673 2142 701 2192 in
712 2138 822 2213 Speculo
870 2137 934 2207 preti
943 2151 1004 2191 est.-
1018 2137 1094 2190 Unde
1104 2137 1220 2212 proverb.
1232 2138 1302 2211 apud
1315 2140 1381 2191 Gre-

313 2217 823 2292 Historialitx,105:sedvutgsu,pro
871 2235 934 2270 cos:
954 2221 1027 2288 Χάρις
1041 2221 1085 2287 γὲρ
1099 2219 1296 2287 βμδύςᾶχαμς,
1314 2220 1379 2287 quod
1475 2231 1476 2250 ¹

313 2305 432 2365 perantes
444 2301 606 2349 necessitates
615 2299 693 2349 elusit
703 2297 766 2349 bene
778 2295 823 2347 ba·
870 2297 906 2349 sie
922 2297 949 2348 in
968 2297 1107 2370 Antbolog.
1119 2317 1220 2350 versum
1237 2311 1275 2349 est
1284 2316 1291 2349 ι
1301 2303 1378 2351 nnis:

315 2375 365 2428 bct.
377 2404 411 2416 -
422 2375 519 2428 Etmts.
538 2373 640 2427 Fertilis
658 2373 779 2427 rusilium
796 2374 823 2425 itt
871 2378 965 2445 χάριτες
982 2377 1155 2444 ylvsspeisspos'
1169 2377 1198 2431 ἢν
1213 2375 1239 2427 di
1255 2375 1382 2444 βριδῦῐη,

317 2453 390 2507 malis
397 2453 544 2526 urgentibus
552 2466 695 2527 sperantes,
707 2451 826 2506 subduxit
874 2462 941 2508 Πᾶσα
952 2457 1022 2524 χάρις
1034 2457 1115 2520 κενεὴ,
1126 2457 1184 2522 μηδι
1200 2457 1293 2518 ls‘ysrm
1306 2457 1381 2523 χάρις.

316 2554 370 2587 sese
386 2533 425 2588 iis.
445 2532 571 2586 Ceterum
590 2532 660 2605 quod
677 2533 709 2585 sd
723 2551 825 2584 sensum
875 2531 925 2584 Sed
944 2531 999 2585 bec
1013 2531 1133 2585 hactenus
1146 2552 1153 2586 ς
1166 2531 1293 2585 similium
1309 2534 1383 2584 lllar-

316 2624 424 2685 spectat,
435 2610 521 2665 laudat
531 2613 628 2685 Lipsius
637 2612 825 2685 Epigrsrnmata
873 2609 940 2661 tislis
947 2610 1103 2683 aliorumque
1112 2611 1216 2684 praeberi
1225 2624 1309 2684 posset
1315 2611 1381 2663 baud

317 2689 521 2756 Martialisduo,
550 2690 826 2761 queexstautll,44:
874 2707 951 2757 pam
968 2690 1157 2762 ψηφῖδας
1172 2704 1258 2742 tamen
1274 2691 1383 2742 brevitas

319 2789 332 2814 s
342 2767 444 2820 Durum
459 2781 510 2829 cst,
526 2767 600 2820 Sexte
610 2805 617 2832 ,
630 2785 722 2839 negare
731 2805 738 2830 ,
747 2787 825 2837 quum
875 2781 992 2820 notarum
1001 2787 1054 2820 uon
1065 2781 1138 2840 petet.

317 2850 413 2920 rogaris
430 2867 436 2899 :
451 2849 555 2917 Quanto
569 2847 671 2910 durius,
691 2860 826 2918 antequam
910 2865 933 2898 n.
944 2847 1084 2900 Subductis
1095 2852 1257 2917 superciliis,
1272 2861 1318 2900 etc.
1330 2849 1383 2900 Su-

318 2927 427 2998 rogeris!
438 2950 451 2974 u
466 2940 490 2978 et
502 2929 557 2992 vt,
571 2927 672 2990 207,1n
687 2925 826 2978 Pboebum:
876 2925 1007 2999 percilium
1020 2947 1064 3001 pro
1081 2928 1196 3001 superbia
1210 2928 1283 3000 eujus
1296 2941 1332 2978 est
1345 2946 1385 2978 se-

319 3029 332 3050 «
344 3005 452 3074 inquiris
464 3045 471 3072 ,
487 3004 602 3064 dubius,
617 3003 758 3070 cunctaris,
772 3025 827 3057 tne-
876 3005 920 3057 des
932 3023 938 3066 ς
956 3006 1026 3076 quod
1039 3006 1116 3059 verbo
1134 3018 1233 3058 tantum
1245 3025 1382 3069 moneat,

318 3104 367 3155 que
385 3084 473 3136 diebus
494 3085 581 3154 'l'eque
602 3083 689 3135 decern
711 3083 827 3135 crucies:
876 3105 955 3156 quum
967 3085 1008 3136 vel
1020 3085 1110 3138 Lexica
1121 3086 1179 3138 satis
1193 3085 1309 3140 doceant.

317 3162 369 3232 jam
378 3181 458 3235 rogo,
473 3160 567 3214 Phoebe
579 3201 586 3225 ,
598 3180 670 3230 nega.
679 3182 691 3206 υ
701 3161 828 3214 Potuisset
908 3162 932 3213 3.
944 3163 1115 3234 Maliguis.....
1127 3164 1221 3215 uerbis.
1236 3165 1256 3214 l.
1267 3164 1348 3237 percis
1360 3177 1385 3215 et

318 3254 344 3293 et
353 3241 392 3293 bis
404 3241 470 3294 illud
481 3237 585 3312 jungere
597 3241 666 3313 quod
678 3241 757 3312 ejusd.
767 3240 825 3292 libr.
875 3241 946 3294 tarde
956 3241 1166 3315 provenientibus
1178 3241 1276 3306 verbis,
1291 3263 1304 3292 e
1315 3262 1383 3294 more

319 3321 368 3384 Vl,
382 3320 501 3392 trigesim.
513 3334 557 3386 est,
566 3320 608 3387 sd,
622 3321 661 3372 vel
674 3321 700 3372 in
711 3319 826 3372 Paetum:
875 3320 1052 3392 superborum.
1071 3323 1175 3382 Moneo,
1191 3339 1224 3370 ne
1244 3331 1316 3392 putes
1333 3338 1384 3371 esse

321 3423 334 3446 u
356 3400 406 3452 Sex
425 3401 535 3453 sestertia
554 3401 575 3454 si
597 3401 680 3454 statim
701 3398 827 3464 dedisses,
875 3399 951 3452 verba
963 3400 1105 3454 addicentia
1117 3413 1140 3453 et
1153 3400 1304 3452 recusantia.
1475 3457 1476 3480 ,

320 3477 408 3544 Quum
417 3478 477 3530 dixti
485 3479 558 3541 mibi,
568 3480 656 3545 Sume,
667 3478 737 3542 tolle,
747 3477 824 3539 dono,
909 3483 932 3547 4.
946 3481 1053 3547 Abiecit.
1068 3481 1110 3533 Sic
1121 3479 1204 3552 script
1215 3478 1385 3531 omnesblal·
1475 3489 1476 3532 ἶ

319 3556 445 3610 Deberem
457 3558 519 3624 tibi,
534 3561 618 3624 Paete,
631 3579 677 3631 pro
690 3555 805 3610 ducentis
818 3577 826 3618 ς
874 3558 911 3611 let
924 3559 1021 3630 Lipsius
1035 3560 1131 3621 obiecit.
1145 3555 1215 3624 Quid
1229 3577 1291 3609 vero
1303 3575 1381 3628 opus,

319 3639 354 3688 At
369 3656 438 3690 nuuc
450 3657 528 3708 quum
545 3640 645 3692 dederis
655 3639 699 3693 diu
716 3648 826 3689 moratus
876 3659 956 3709 quum
983 3637 1078 3710 optima
1097 3635 1129 3687 sit
1154 3646 1225 3686 vetus
1250 3634 1326 3688 lectio
1360 3647 1384 3684 et

319 3717 381 3768 Post
392 3729 485 3789 septem
496 3731 558 3792 puto
569 3718 609 3771 vel
626 3737 718 3770 novem
731 3716 827 3768 kelen-
875 3718 966 3771 merito
978 3715 1081 3788 probata
1093 3711 1221 3766 Grutero?
1239 3712 1384 3765 Gronovius

320 3792 373 3858 das,
383 3793 421 3844 vis
431 3794 513 3847 dicam
521 3795 565 3848 tibi
574 3796 671 3847 veriora
682 3793 748 3846 veris
757 3791 770 3844 ?
779 3793 827 3844 sex
875 3815 950 3849 usum
958 3795 1028 3846 bunc
1039 3792 1111 3844 verbi
1120 3789 1239 3863 exemplis
1251 3809 1322 3842 nuuc
1329 3789 1384 3842 satis

319 3871 427 3923 sestertia
438 3910 444 3930 ,
461 3873 527 3926 Pete
537 3872 690 3946 ,perdidisti
702 3893 716 3919 s
730 3871 777 3923 liis
785 3890 826 3922 sc·
876 3873 942 3925 notis
954 3870 1066 3924 ndstruit.
1080 3871 1199 3924 Erasmus
1210 3867 1309 3940 aliique
1323 3872 1384 3934 ieie·

320 3947 382 4000 cinit
389 3949 500 4020 P·Syrus
510 3951 583 4003 :ultis
592 3959 628 4003 est
640 3964 748 4023 gratum,
756 3949 824 4020 quod
875 3955 914 4006 cit.
930 3951 969 4004 Cl.
981 3973 1002 4004 c.
1014 3953 1053 4014 ll,
1073 3969 1083 4002 1
1097 3963 1142 4002 etc.

320 4046 381 4098 opus
392 4039 427 4079 cst
435 4065 441 4092 ,
449 4028 515 4080 ultro
527 4028 548 4079 si
558 4029 656 4080 offerus.
666 4027 825 4080 Beneficium
909 4035 932 4084 5.
944 4031 1146 4096 Responsumm.
1154 4025 1255 4079 Gratias
1263 4039 1383 4078 acturum.

321 4105 390 4178 inopi
401 4105 440 4158 bis
449 4106 507 4170 dut,
519 4105 563 4177 qui
574 4108 616 4158 dat
627 4105 749 4159 celeriter.
759 4129 772 4152 v
784 4106 827 4157 Al·
908 4107 933 4158 li.
948 4107 1034 4177 Quem
1042 4108 1221 4159 dilutione......
1233 4109 1317 4158 torsit.
1326 4103 1385 4156 Vid.

321 4183 826 4239 eiatErubl.ctxrtdeGratiis:«Addita
876 4205 932 4257 quae
956 4205 1030 4260 supra
1050 4208 1065 4238 e
1083 4187 1160 4239 variis
1178 4186 1324 4238 auctoribus
1340 4205 1384 4234 ex-

321 4281 364 4314 eur
381 4262 484 4334 pedibus
499 4283 578 4335 nuper
592 4263 702 4317 talaria?
714 4265 751 4318 bis
766 4266 824 4328 dat,
875 4266 963 4338 scripte
976 4277 1042 4327 sunt,
1055 4277 1106 4317 not.
1125 4285 1133 4316 ι
1146 4263 1198 4334 huj·
1211 4283 1268 4336 pag.
