2954 4926
402 457 500 526 LlB.
527 457 578 538 V,
606 455 715 524 CAP.
734 455 858 523 ¹lllll.
1038 521 1043 533 ,
1101 455 1165 520 553

95 601 224 678 puteat,
247 609 320 676 quae
335 585 512 654 beneficiis
530 585 654 655 similia
669 587 761 653 sint:
779 584 905 677 quibus
922 605 989 651 non
1008 580 1164 664 redditis,

97 704 251 794 ingratus
268 704 346 770 erit.
366 704 453 772 Sunt
465 705 570 770 animi
585 703 693 784 bona,
716 717 795 771 eunt
812 701 984 794 corporis,
1003 716 1082 768 aunt
1096 699 1167 767 lor-

97 829 187 886 tunae'
197 822 221 884 ¹.
243 817 306 886 Illa
319 819 424 886 animi
439 819 549 906 bona,
565 842 585 886 a
598 819 700 888 stulto
719 843 760 887 ac
777 817 865 886 malo
880 809 1165 885 ’submoventurz

96 935 140 1002 ad
151 925 243 1004 haec³
257 934 461 1013 admittitur,
477 960 553 1029 qum
567 951 601 1004 et
609 936 766 1029 accipere
779 942 912 1029 puteat,
930 950 964 1002 ct
977 933 1080 1023 debet
1093 931 1171 1002 red-

98 1052 200 1120 dere:
228 1067 263 1120 et
289 1055 317 1120 si
331 1078 400 1122 non
417 1052 550 1136 reddit,
570 1053 723 1147 ingratus
741 1069 804 1121 eet.
821 1055 894 1120 Nee
910 1049 977 1120 hoc
996 1075 1036 1121 ex
1053 1068 1170 1119 nostra
1183 1125 1210 1156 '2

97 1170 337 1238 constitutione
357 1186 500 1239 tuntum.
523 1164 764 1264 Peripatetici⁴
792 1193 929 1262 quoque
941 1218 953 1253 ,
979 1169 1039 1260 qui
1059 1166 1172 1236 felici·
1280 1199 1284 1206 ·

98 1286 176 1356 tatia
186 1286 343 1354 humanae
357 1286 459 1380 longe
473 1287 610 1379 lateque
627 1287 790 1354 terminos
804 1301 956 1378 ponunt,
971 1286 1089 1368 aiunt,
1107 1285 1172 1352 mi-

96 1417 179 1468 nuta
198 1402 364 1471 beneficia
383 1420 590 1496 perventura
603 1404 648 1472 ad
662 1403 787 1488 malon,
802 1403 875 1471 haec
887 1403 1030 1494 quinon
1042 1395 1171 1481 reddit,

99 1518 253 1611 ingratus
267 1536 330 1588 eet.
347 1521 454 1589 Nobis
467 1522 583 1613 itaque
597 1521 765 1588 beneficia
779 1543 934 1588 essenon
950 1519 1081 1612 placet,
1099 1539 1174 1608 quae

98 1652 260 1728 nunaunt
273 1638 422 1706 animum
439 1637 569 1706 factura
582 1637 779 1706 meliorem:
794 1627 1173 1704 commoda⁵tamenilla
1254 1627 1256 1632 ’

99 1773 188 1831 csse,
207 1769 241 1820 et
252 1752 460 1847 expetenda,
477 1779 545 1822 non
560 1779 736 1847 negamus.
757 1755 883 1840 Haecet
896 1753 1075 1820 virobono
1090 1748 1172 1816 dare
1197 1806 1213 1859 3

100 1864 207 1933 malua
218 1883 349 1960 potest,
363 1883 397 1936 et
406 1870 563 1962 accipere
578 1893 598 1937 a
616 1870 706 1937 bono
725 1897 732 1938 :
752 1884 790 1936 ut
808 1869 1010 1962 pecuniam,
1024 1882 1169 1949 vestem,

98 1982 271 2070 honores,
286 2001 321 2054 et
334 1987 435 2055 vitam
449 2015 458 2072 3
475 2011 551 2078 quae
567 1988 596 2055 ai
614 2011 682 2055 non
700 1985 841 2070 reddet,
857 1989 893 2054 in
908 1987 1035 2079 ingrati
1049 2008 1173 2052 nomen

99 2098 239 2167 incidet.
262 2127 278 2164 tt
297 2102 341 2170 At
355 2102 523 2194 quomodo
543 2105 715 2195 ingratum
729 2109 848 2181 vdent,
868 2125 911 2168 eo
931 2125 1001 2170 non
1014 2099 1168 2182 reddito,

99 2211 192 2304 quod
200 2236 305 2308 negas
316 2239 388 2284 cese
401 2215 659 2314 beneficiumiu
673 2215 840 2309 Quaedam
851 2211 998 2285 etiamai⁶
1011 2240 1093 2285 vera
1103 2240 1172 2284 non

99 2427 151 2460 esse
168 2423 258 2482 potest.
274 2415 361 2478 Nam,
382 2415 428 2467 etti
439 2415 471 2468 de
486 2415 611 2469 constitu·
659 2435 754 2468 vernus.
766 2415 857 2469 Gallie.
866 2417 1088 2480 vertes'e'cartent,
1096 2414 1137 2467 vel
1143 2434 1172 2468 se

100 2489 169 2542 tione
182 2488 326 2545 Stoicorum
340 2493 463 2548 beneficia
479 2515 534 2547 non
545 2495 610 2548 acci·
659 2495 817 2546 de'toument.

99 2569 149 2640 pit,
168 2569 237 2624 dona
254 2572 345 2647 accipit
360 2593 417 2645 quae
434 2574 564 2627 beneficiis
577 2574 611 2626 ei·
693 2571 717 2623 3.
727 2573 777 2623 Ad
783 2571 912 2624 hoec.Dnu
920 2570 1069 2642 posteriora,
1079 2590 1172 2644 nempe

99 2645 208 2700 rnillima
215 2663 281 2703 aunt.
288 2651 413 2704 Subtilem
422 2652 611 2705 distinctionem
661 2648 771 2722 corpur-ie
782 2661 806 2700 et
817 2651 931 2704 lonunae.

98 2746 145 2798 per
162 2728 276 2801 exempla
293 2742 317 2781 et
333 2730 532 2803 comparationes
546 2729 611 2783 illu·
692 2725 716 2789 4.
729 2726 912 2795 Peripatetici,
934 2740 980 2781 etc.
996 2729 1084 2798 Quum
1097 2749 1172 2782 aurea

98 2815 169 2856 strat.
197 2857 202 2870 ⁶
660 2804 834 2858 mediocritate
855 2826 958 2859 omnem
985 2806 1173 2880 philosophiam

137 2883 326 2939 nsuntans'mt
334 2886 610 2958 bena...sortunoe.llaec
648 2882 770 2936 'ethicam
788 2885 918 2939 fundasset
934 2885 1096 2948 Aristotelea,
1119 2905 1173 2939 non

98 2975 137 3014 eat
149 2982 177 3015 ea
194 2965 246 3017 lere
263 2963 371 3032 divisio,
383 2985 440 3036 que
452 2964 517 3038 apud
528 2964 610 3016 Joan·
659 2960 752 3013 mirum
763 2974 812 3030 eet,
822 2963 892 3034 qnod
902 2962 1044 3035 etcorporie
1052 2965 1172 3018 fortune·

97 3061 159 3094 nem
172 3041 321 3094 Stulteneeru
332 3064 357 3116 p.
367 3044 409 3116 98,
419 3043 466 3095 To.
477 3042 517 3107 ll,
528 3041 571 3093 lib.
584 3059 609 3104 a,
659 3059 708 3109 que
717 3039 785 3092 bona
795 3040 874 3114 pluria
884 3042 976 3094 laceret
989 3061 1065 3112 quam
1077 3041 1173 3100 Stoici.

97 3138 120 3169 c.
132 3139 155 3184 7.
168 3117 324 3173 ed.Heeren.
336 3121 413 3173 etiam
424 3121 533 3174 occurrit
545 3120 609 3172 :alia
660 3118 869 3190 quandoquidem
878 3119 984 3192 quilibet
993 3120 1064 3174 istius
1072 3121 1172 3174 decreto

97 3197 166 3249 bona
182 3217 235 3249 ease
250 3197 329 3251 enimi
341 3239 348 3261 ,
362 3199 412 3252 alia
427 3212 547 3264 externa,
561 3198 610 3250 alia
660 3198 725 3250 bene
737 3199 754 3250 i.
772 3219 794 3249 e.
807 3218 889 3269 neque
910 3199 1020 3251 nimium
1035 3219 1117 3269 neque
1128 3217 1173 3271 pa·

97 3285 199 3327 neutra.
217 3275 399 3348 Complectitur
415 3276 460 3330 hee
471 3275 610 3329 divisiones
659 3297 716 3330 rum
737 3278 849 3346 utendo,
871 3279 904 3330 ad
927 3298 1055 3336 summum
1075 3277 1172 3330 bonum

97 3353 228 3424 Epictetus
253 3355 367 3407 Manual.
380 3356 410 3421 l,
422 3367 447 3407 et
460 3355 527 3407 Diae.
538 3355 567 3420 1,
579 3373 611 3405 aa
659 3356 790 3430 pervenire
807 3370 901 3429 potest,
919 3356 1027 3428 ideoque
1043 3357 1110 3409 hona
1126 3376 1173 3430 ap·

96 3429 261 3484 dicenezalia
274 3452 326 3486 esee
338 3433 365 3485 in
378 3445 462 3486 nostra
474 3443 608 3505 potestate,
658 3434 1170 3507 pellatornniequoeadbeatevivcndum‚
1222 3481 1224 3490 .

96 3509 148 3564 alia
163 3531 216 3562 nun
228 3531 288 3564 esee.
302 3511 355 3564 Nec
367 3511 462 3563 mirum
476 3523 529 3577 eet,
542 3509 610 3580 quod
660 3513 691 3564 ad
699 3512 842 3566 felicitatem
850 3513 999 3587 pertineant.
1011 3513 1063 3567 Cic.
1070 3514 1102 3566 de
1112 3514 1171 3566 Fin.

96 3589 167 3642 idern
183 3591 233 3661 jam
245 3604 344 3643 secutus
361 3591 393 3643 eit
412 3589 538 3642 Aristotel.
553 3591 611 3642 Μο·
660 3591 718 3655 lll,
735 3590 776 3644 ia.

95 3668 144 3721 ral.
158 3668 263 3722 Nicom.
272 3669 301 3732 Ι,
315 3669 347 3733 8,
365 3689 443 3738 quum
453 3681 504 3720 tota
517 3667 610 3720 divisio
693 3671 872 3724 acommoda.
883 3671 1026 3740 Εὗχρηστα,
1037 3671 1172 3725 estimabi-

95 3745 207 3798 eschula
217 3745 336 3798 socratica
343 3746 418 3819 petita
426 3745 512 3810 eit‚uti
520 3758 609 3798 notum
660 3749 707 3817 lia,
721 3769 803 3822 neque
822 3772 866 3826 per
881 3771 906 3805 se
924 3753 990 3808 bona
1002 3772 1084 3824 neque
1096 3753 1171 3812 mala.
1204 3759 1206 3762 ’

95 3837 142 3877 eet.
153 3826 248 3876 Animi
261 3825 329 3876 buna
339 3833 400 3877 sunt
412 3825 524 3887 virtutes,
539 3825 611 3898 probi
662 3825 700 3880 Cf.
710 3827 743 3879 ad
754 3829 832 3903 Epist.
843 3845 967 3895 Lxxxvlt,
980 3831 1020 3896 ad.

94 3901 201 3954 habitus
214 3914 238 3953 et
248 3901 386 3954 laudabiles
398 3903 554 3970 functiones,
572 3902 611 3954 oi·
694 3905 717 3958 6.
735 3905 867 3976 Quadam
879 3911 999 3968 etiamsi,
1014 3921 1059 3962 etc.
1073 3908 1173 3964 Similia

95 3979 166 4032 ficia.
178 3981 241 4034 llaec
254 3992 313 4032 eunt
325 4000 386 4032 vera
398 3979 481 4040 buna.
501 3979 545 4032 illa
557 3999 610 4032 non
660 3997 719 4035 eunt
727 3985 780 4048 lv,
795 4005 839 4050 ta,
858 4007 881 4038 2·
892 3985 963 4059 Saepe
973 3985 1019 4039 hac
1026 4023 1034 4050 ‚
1047 3999 1076 4038 ut
1088 3986 1123 4039 ita
1133 3987 1175 4038 di·

94 4057 167 4109 item.
181 4057 221 4110 Cf.
239 4058 316 4131 lipsii
334 4058 481 4112 lllanuduct.
497 4057 530 4111 ad
544 4058 610 4111 Phil.
661 4080 732 4126 cam,
745 4063 907 4118 cavillatione
921 4065 960 4116 uei
974 4078 1032 4116 etant
1044 4064 1174 4127 Stoici„ut

95 4135 283 4200 Stoic.ll,an.
592 4169 596 4178 ·
662 4139 690 4190 in
711 4140 914 4212 interpretatione
935 4163 1008 4215 opem
1033 4155 1174 4212 quererent

132 4235 155 4266 2.
167 4213 362 4268 Subnmventur.
376 4215 438 4270 lle.
453 4235 499 4266 nos
511 4214 612 4267 submu-
662 4215 756 4280 vexati,
770 4237 826 4290 quae
843 4238 857 4270 a
874 4218 972 4290 vulgari
987 4219 1109 4290 loquendi
1127 4239 1176 4277 utu
