2976 4950
435 451 867 537 ntn.11‚ce12.xx.
1008 515 1012 538 ,
1121 425 1259 520 us'

168 587 251 656 XX.
286 581 459 674 Disputari
484 579 526 646 de
549 583 598 648 M.
621 583 723 648 Bruto
739 591 748 624 ¹
766 578 865 656 solet,
886 601 931 646 an
950 577 1108 650 debuerit
1130 607 1188 650 ac·

114 702 234 792 cipere
251 720 271 763 a
287 699 330 762 D.
347 694 436 762 Julio
451 695 575 774 vitam,
596 717 701 784 quum
713 691 935 760 occidendum
963 718 1039 762 eum
1053 695 1189 787 judica·

118 831 187 882 ret.
201 814 314 907 Quam
334 793 498 880 rationem
517 810 553 876 in
571 808 756 878 occidendo
773 825 907 877 secutus
925 812 987 893 sit,
1002 813 1085 880 alias
1102 830 1192 881 trac-

120 931 267 999 tabimus
282 935 309 995 ².
331 929 418 996 Mihi
433 929 545 1009 enim,
567 951 672 1018 quum
691 927 745 994 vir
762 949 903 1018 magnus
922 927 1024 994 fucrit
1041 928 1078 995 iu
1095 928 1189 1011 aliis,

120 1063 160 1127 in
176 1050 240 1116 bac
265 1044 455 1115 revidetur
474 1046 694 1113 vehementer
721 1065 851 1110 errasse
871 1093 879 1124 ,
909 1067 973 1111 uec
995 1067 1036 1110 ex
1057 1047 1194 1114 institu-

123 1174 217 1240 tione
235 1173 352 1239 Stoica
366 1163 376 1204 ³
389 1193 425 1236 sc
444 1170 554 1260 egisse
566 1161 594 1250 ⁴,
612 1167 747 1257 quiunt
765 1165 855 1257 regis
873 1190 995 1234 nomen
1016 1169 1191 1252 extimuit,

124 1311 231 1379 quum
259 1287 403 1378 optimus
422 1285 569 1351 civitatis
594 1295 699 1350 status
718 1282 781 1350 sub
806 1305 890 1374 rege
904 1283 996 1374 justo
1015 1285 1059 1350 sit
1073 1278 1085 1319 ⁵
1101 1313 1109 1370 3
1136 1301 1196 1353 aut

126 1405 176 1470 ibi
195 1404 344 1496 speravit
363 1402 554 1469 libertatem
573 1399 741 1481 futuram,
763 1399 822 1465 ubi
842 1413 908 1466 tam
926 1422 1084 1492 magnum
1104 1424 1195 1493 prae·

128 1647 184 1688 erat
193 1635 322 1688 bestiarius
335 1634 377 1686 illc
388 1653 464 1704 quem
474 1633 514 1686 leo
526 1643 640 1705 protege·
689 1653 740 1686 esse
753 1634 861 1700 petriam
877 1633 952 1686 nobis
964 1655 1040 1705 quam
1055 1627 1198 1711 nosmetip-

129 1715 186 1776 bat;
200 1733 246 1764 nce
258 1712 301 1764 ille
314 1709 466 1764 beneficium
483 1710 570 1762 debuit
581 1731 639 1790 luo·
689 1731 737 1763 sos.
755 1711 865 1784 Egregia
880 1726 939 1764 tunt
953 1733 1009 1786 quae
1028 1714 1125 1770 Seneca
1139 1716 1166 1768 b.
1180 1716 1198 1772 l.

126 1791 237 1854 lens,aut
246 1791 287 1843 cui
297 1789 388 1842 debere
398 1789 488 1842 noluit.
498 1787 563 1840 Nam
577 1787 640 1838 veri·
690 1791 720 1842 de
733 1790 779 1842 bac
791 1811 817 1843 re
832 1789 930 1852 attulit,
950 1790 1051 1863 optimis
1064 1793 1139 1844 etiarn
1153 1815 1199 1845 rc·
1218 1837 1221 1846 .

130 1868 215 1920 simile
236 1881 271 1919 est
295 1867 349 1940 plus
371 1866 557 1935 aliquantulum
583 1869 642 1918 ferte
691 1869 809 1922 centioris
831 1869 879 1922 aevi
904 1870 1065 1943 scriptoribus
1087 1871 1199 1928 historiae

130 1946 227 1998 anxilio
239 1945 383 1998 bestiarium
391 1943 642 2014 superbivisse‚qrram
690 1967 755 2000 rom.
777 1947 878 2018 probata
900 1967 907 2002 z
929 1947 1038 2019 ideoque
1060 1950 1199 2004 dolendum

131 2023 152 2074 si
164 2022 276 2074 bumana
294 2042 341 2094 ope
356 2034 399 2074 aut
421 2019 521 2094 vulgari
540 2042 641 2092 quoquo
693 2035 750 2090 est,
765 2025 868 2098 periisse
887 2025 997 2092 librum,
1016 2029 1107 2100 inquo
1123 2032 1201 2083 sosius

132 2101 213 2153 modo
226 2099 360 2152 incolumis
372 2099 496 2150 evasisset.
692 2123 747 2155 rem
759 2116 934 2173 pertractasset.
945 2103 1069 2157 Caeterum
1083 2109 1201 2181 Reipubl.

168 2177 227 2230 XX·
233 2181 299 2230 Atto.
311 2177 425 2238 Brutum,
437 2176 482 2228 etsi
490 2195 503 2227 a
512 2179 536 2230 1.
547 2176 644 2230 Casare
693 2182 781 2234 liberae
793 2182 887 2234 amicos
898 2183 1049 2235 sententiam
1060 2185 1146 2238 tulisse
1158 2188 1202 2238 vi-

133 2257 215 2308 vitam
228 2255 397 2328 impetraverit
406 2254 561 2328 postbellurn
573 2253 647 2306 civile.
696 2260 755 2311 dere
767 2259 824 2311 licet
833 2279 872 2332 ap.
885 2259 953 2311 Plut.
963 2261 995 2312 V.
1007 2260 1054 2329 357
1065 2282 1103 2332 sq.
1115 2276 1139 2315 et
1149 2263 1202 2319 Cic.

136 2347 161 2386 et
180 2333 349 2386 Pharsalicam
365 2333 462 2385 cladem
473 2372 481 2398 ‚
494 2353 546 2384 non
556 2332 647 2385 Cesset
697 2337 775 2410 Epist.
790 2337 835 2398 Vl,
852 2339 888 2388 13.
901 2338 963 2402 Xll,
981 2357 990 2389 ι
1004 2349 1050 2390 etc.

30 2435 33 2440 ·
136 2413 278 2485 obligatum
291 2412 386 2478 luisse,
402 2411 445 2483 qui
459 2412 540 2465 dandi
551 2409 646 2464 beneli-
728 2415 751 2479 4.
767 2413 803 2464 Se
813 2417 903 2481 egisse.
922 2417 1000 2469 Recte
1014 2415 1071 2469 boc
1093 2417 1158 2490 Lips.
1179 2433 1203 2472 et

137 2495 171 2548 cii
183 2493 222 2564 jus
233 2515 277 2566 per
289 2493 409 2562 injuriam
420 2506 544 2546 assecutus
553 2505 612 2548 erat.
697 2494 777 2546 Gron.
788 2511 817 2543 ex
827 2491 945 2544 omuibus
955 2493 1029 2546 codd.
1041 2505 1065 2545 et
1076 2495 1133 2548 edd.
1146 2517 1205 2550 res-

176 2571 398 2624 1.DeM.Bruto.
408 2571 445 2624 M.
454 2572 548 2624 ‚lunius
555 2572 648 2624 Bmtus
697 2571 908 2638 titueruntquurn
923 2571 1036 2624 Muretus
1049 2585 1073 2624 et
1087 2573 1203 2638 Gruter.¹

138 2669 217 2721 quem
236 2649 340 2702 Caesaris
357 2649 542 2702 interfectorem
560 2666 649 2701 omnes
696 2649 745 2700 bac
754 2646 878 2713 lectione,
891 2660 919 2698 ut
928 2646 1030 2720 inepta,
1043 2651 1148 2720 reiecta,
1164 2653 1206 2703 in-

140 2740 251 2789 norunt‚
272 2749 298 2780 se
316 2728 343 2779 in
360 2727 428 2780 bello
444 2727 514 2780 civili
526 2727 558 2780 ad
572 2722 650 2778 Porn-
699 2725 822 2776 vexissent
835 2743 842 2776 :
856 2743 885 2776 se
891 2728 1012 2791 gessisse.
1026 2728 1066 2780 Cf.
1079 2729 1206 2782 Gronovii

140 2806 227 2878 peium
238 2824 361 2878 maguum
373 2805 520 2878 aggregavit
530 2845 537 2870 ,
546 2804 589 2856 sed
598 2803 651 2856 acie
700 2805 773 2855 0bss.
786 2803 829 2860 tv.
845 2805 881 2869 ¹4·
895 2825 918 2874 p.
931 2805 989 2858 688.
1002 2806 1042 2858 ed.
1054 2808 1110 2880 lips.

143 2885 290 2938 Pharsalica
305 2883 370 2937 male
389 2898 457 2956 gesta
475 2905 501 2937 se
516 2883 609 2957 recepit
620 2884 651 2935 ad
733 2879 1208 2956 5.Qmmoprtmm....snbrege1useo

142 2962 245 3015 Divum
251 2962 357 3014 Juttum
368 2961 509 3026 (luerem,
518 2962 541 3012 ei
550 2979 603 3012 non
611 2979 653 3012 so·
701 2967 744 3014 sit.
756 2964 853 3015 Vereor
862 2983 896 3015 ne
910 2964 1005 3017 Seneca
1018 2967 1150 3042 principali
1163 2993 1208 3044 po-

142 3042 199 3094 lum
209 3040 444 3114 ignoscentem,secl
454 3039 653 3112 magniquoque
702 3041 787 3094 tentiae
801 3043 957 3116 mancipatus
977 3041 1001 3095 b.
1016 3046 1032 3096 l.
1049 3065 1100 3099 esse
1117 3049 1209 3101 videa-

145 3118 289 3172 facientem.
297 3117 424 3170 Plutarch.
435 3117 505 3170 Brut.
516 3137 537 3168 c.
546 3117 569 3180 4
579 3116 654 3166 Tom·
703 3133 750 3172 tur.
761 3122 828 3184 Nam
839 3121 860 3172 si
869 3122 968 3174 dixisset
980 3143 1050 3194 posse
1063 3127 1208 3180 felicitatem

147 3199 181 3248 V.
193 3198 278 3250 lleisl.
292 3219 315 3271 p.
328 3198 375 3262 354
393 3217 429 3267 sq.
447 3195 571 3248 Cteterum
589 3213 655 3246 unus
704 3210 728 3250 et
739 3197 845 3270 gloriam
855 3199 1001 3268 reipublicae
1012 3204 1123 3278 subrogo
1137 3227 1211 3259 com-

148 3277 248 3330 Seneca
259 3274 375 3338 tradidit,
387 3274 434 3325 nisi
447 3274 535 3334 fallor,
550 3275 655 3324 Brutum
704 3287 786 3347 petere
797 3312 803 3337 ,
813 3277 958 3339 aut,'l'aciti
967 3279 1056 3342 instar,
1070 3284 1141 3335 certis
1151 3298 1212 3336 tem-

147 3357 199 3427 jam
208 3375 238 3406 eo
249 3351 398 3412 consiliunt
409 3351 534 3404 Caesarem
544 3349 656 3412 rediisse,
706 3353 808 3422 poribus
822 3353 942 3426 optimam
957 3357 1212 3414 administrandarum

69 3429 75 3438 ’
149 3443 178 3483 ut
189 3449 247 3482 eum
261 3430 391 3482 occideret
706 3449 790 3482 rerum
803 3433 910 3483 formam
921 3453 1028 3505 reguum
1038 3457 1107 3503 csse,
1123 3453 1146 3492 et
1156 3461 1214 3493 om-

185 3531 208 3560 a.
217 3510 297 3561 Alios
305 3508 483 3560 tractabimus.
495 3507 526 3556 ln
533 3499 657 3556 librorbtn
708 3510 750 3561 nia
759 3509 786 3560 in
794 3529 875 3584 uuum
885 3511 993 3564 conferri
1003 3513 1140 3585 aliqnando
1147 3520 1214 3590 pacis

152 3589 257 3640 Senecae
269 3586 454 3658 deperditorum
466 3585 591 3654 quodam,
602 3585 660 3636 ior-
710 3588 845 3653 interesse,
864 3587 992 3640 veritatem
1008 3591 1049 3644 bic
1065 3597 1152 3648 sectari
1163 3618 1215 3670 po-

151 3688 198 3720 san
211 3666 356 3719 llloralium.
710 3663 758 3718 tius
769 3665 895 3717 videretur
909 3685 986 3736 quam
1002 3669 1145 3742 imperatori
1158 3695 1216 3728 mo-

187 3745 211 3798 3.
224 3743 273 3796 Ex
280 3747 441 3796 institutione
451 3742 546 3796 Stoica.
557 3741 661 3793 lnstitu-
711 3761 763 3793 rem
776 3761 869 3813 gerere.
889 3741 941 3794 Sed
959 3743 1001 3796 bie
1014 3747 1126 3801 absoluto
1142 3770 1216 3804 sensu

154 3825 192 3875 tio
202 3823 286 3876 Stoica
298 3822 388 3883 docet,
403 3839 455 3872 esse
467 3819 515 3872 viri
528 3819 604 3882 boni,
621 3818 662 3869 le·
712 3818 778 3869 dicta
790 3837 829 3870 res
841 3819 955 3871 servilem
969 3835 993 3873 et
1008 3823 1145 3878 obnoxium
1160 3831 1217 3882 ani·

155 3901 230 3974 gibus
251 3919 353 3970 potere,
371 3913 396 3951 et
410 3898 491 3952 civilis
512 3895 592 3950 officii
609 3917 661 3948 oon
711 3915 781 3948 mtuu
801 3898 890 3970 arguit.
910 3900 976 3951 Tum
996 3900 1083 3954 debuit
1107 3907 1216 3978 cogitare

156 3980 275 4050 ignarum
286 3978 387 4030 utilitati
399 3977 513 4028 omniurn
526 3973 663 4028 consulere.
713 3995 765 4028 non
780 3995 829 4028 esse
842 3977 865 4028 ei
878 3977 1016 4030 necessario
1025 3981 1163 4052 parendum
1173 3987 1216 4054 qui

158 4055 322 4107 Ctedel‘in.
335 4055 430 4126 lll‚19.
444 4053 493 4104 Sed
503 4051 589 4104 docuit
598 4069 665 4122 quo·
713 4053 739 4105 vi
751 4053 864 4128 princeps
883 4055 960 4106 lactus
974 4067 1016 4108 est.
1031 4057 1077 4109 llle
1092 4060 1159 4112 enim
1173 4063 1219 4114 etsi

157 4151 226 4203 que,
246 4131 357 4203 ejsudem
366 4131 427 4184 ¹esse
439 4168 446 4195 ,
472 4141 578 4183 mortem
601 4129 664 4182 adeo
710 4129 816 4203 'justitiae
824 4145 967 4198 amanscst,
978 4151 1030 4185 non
1039 4134 1117 4204 justus
1125 4152 1218 4202 estro,

157 4225 273 4284 oppetere
285 4230 329 4282 pro
342 4209 493 4281 Republica,
506 4222 531 4260 et
544 4208 665 4260 cariorem
715 4227 794 4277 quum
806 4229 858 4260 uon
871 4229 884 4260 e
895 4210 948 4281 jure
960 4224 1057 4285 regnet.
1070 4213 1121 4266 Sed
1131 4215 1220 4271 Cesa-
