2966 4948
310 461 374 525 362
646 457 714 526 DE
738 457 1049 528 BENEFICIIS

307 611 350 654 trs
369 587 515 654 alienum
533 587 701 670 haberet,
725 611 788 655 nee
807 587 1023 655 beneficium.
1049 589 1224 658 Liberavit
1243 593 1337 660 illum
1359 620 1381 661 a

308 701 546 786 creditoribus,
556 703 620 770 eibi
634 727 703 770 nou
717 703 892 796 obligarit.
908 703 1059 795 Aliquid¹
1072 704 1234 774 Tiberius
1242 723 1381 776 secutus

308 835 376 905 θεῖς
393 833 474 912 puto
486 819 599 887 noluit*
608 819 723 913 plures
737 843 833 905 enee,
851 821 909 912 qni
927 820 1015 888 idem
1031 825 1183 915 rogaturi
1198 847 1380 894 concurre-

307 952 395 1004 rent.
417 937 484 1004 Ista
501 929 639 1004 fortaiee
658 937 777 1005 efficax
796 938 883 1006 ratio
904 937 1028 1018 luerit,
1050 939 1093 1006 ad
1113 940 1288 1009 hominum
1312 944 1379 1009 im-

307 1052 429 1145 probas
443 1051 643 1146 cupiditates
658 1051 787 1145 pudore
801 1053 1036 1146 reprimendae
1054 1082 1061 1120 :
1079 1055 1286 1126 beneficium
1296 1083 1378 1128 vero

307 1167 399 1235 danti
417 1183 484 1236 tota
498 1168 565 1234 alia
578 1165 750 1260 sequenda
764 1183 815 1237 eet
828 1171 895 1236 vin.

355 1282 445 1348 VIII.
458 1280 560 1350 Omni
578 1285 724 1374 genere²
741 1280 832 1372 qnod
844 1281 917 1362 dee,
936 1305 1003 1373 quo
1018 1283 1061 1350 eit
1074 1285 1260 1377 acceptius,
1276 1285 1379 1354 edor-

308 1395 534 1465 nandnmeet.
557 1401 629 1466 Hoc
645 1419 726 1464 vero
741 1389 753 1432 ³
769 1422 836 1464 non
853 1415 903 1466 eet
916 1397 1120 1467 beneficium
1136 1399 1236 1481 dare,
1252 1399 1379 1494 depre7

241 1543 244 1550 ¹
309 1513 462 1582 bendere
472 1509 550 1582 est⁴.
560 1517 603 1582 Et
618 1529 653 1582 ut
665 1515 700 1581 in
715 1516 859 1582 transitu
870 1513 913 1582 de
927 1515 1137 1609 hacquoqne
1150 1531 1249 1610 purte
1262 1517 1375 1586 dicam

305 1628 389 1721 quid
415 1632 586 1711 sentiam,
615 1646 660 1697 ne
685 1631 836 1724 Principi
858 1628 995 1724 quidem
1019 1635 1099 1702 eatis
1118 1630 1279 1704 decorum
1302 1653 1372 1718 eet,

265 1781 279 1812 α
306 1746 432 1815 donare
455 1747 648 1839 ignominie
670 1769 783 1814 cansa.
809 1748 959 1816 Tametsi
987 1749 1258 1841 inquietudinem
1286 1753 1375 1820 effu-

306 1883 386 1954 gere
409 1862 571 1930 leeriue
593 1885 636 1930 ne
656 1861 720 1930 hoc
745 1860 882 1954 quidem
902 1863 1022 1948 modo,
1046 1867 1286 1957 queritabat,
1306 1889 1375 1959 po-

306 1971 404 2046 tuit⁵.
429 1983 513 2046 Nam
536 1980 665 2071 aliquot
687 1995 820 2072 postea,
850 1983 908 2072 qui
930 1979 1019 2049 idem
1039 1999 1215 2074 rogarent,
1241 1985 1372 2052 inventi

304 2112 401 2182 sunt3
424 2119 508 2188 quoe
527 2121 642 2164 omnes
662 2097 764 2188 justit
788 2095 931 2164 reddere
961 2099 996 2164 iu
1020 2115 1140 2166 senatu
1162 2101 1239 2166 neria
1266 2096 1373 2167 alieni

303 2349 369 2420 quod
392 2348 484 2402 Gallie.
506 2367 682 2424 nuncupemus
705 2366 718 2404 :⁴
732 2347 809 2400 Fain
892 2345 1042 2402 5.Temeisi
1052 2350 1373 2422 mquieuedinemeffagere

302 2447 352 2480 une
365 2427 505 2482 usandiie
521 2428 555 2482 de
567 2429 718 2482 eee'aneiere·
860 2425 979 2480 Tiberius
989 2447 1021 2480 ne
1036 2427 1082 2481 itae
1092 2430 1198 2502 quidem
1210 2432 1289 2481 niodo
1297 2467 1306 2491 ‚
1319 2449 1371 2498 quo

335 2524 356 2557 t.
368 2507 489 2577 Aliquid.
510 2507 598 2560 Aliud
615 2507 681 2576 quid
698 2505 808 2578 adserip·
856 2503 1205 2573 veraba1‚p0n1t.varinm
1222 2505 1282 2558 libel
1294 2527 1368 2568 msa,

297 2598 361 2636 serat
373 2585 448 2638 lluet.
463 2585 581 2658 margini.
857 2580 1007 2633 undeGrut.
1015 2582 1196 2655 suspicabatur,
1204 2583 1292 2637 locum
1300 2584 1368 2637 hune

329 2661 402 2716 vlll.
416 2667 485 2717 Arte.
496 2665 568 2718 Idem
578 2661 721 2737 exemplum
732 2681 804 2714 exen-
855 2655 1000 2734 traiectione
1008 2661 1143 2716 verborum
1150 2676 1174 2715 et
1182 2663 1283 2717 delectu
1291 2665 1367 2735 imiq

297 2739 551 2814 tit,demonstratqne
563 2739 694 2794 Tiberium
704 2739 807 2793 aesalie-
855 2739 881 2791 ni
895 2738 1016 2793 laborare.
1038 2740 1089 2794 Sed
1109 2761 1162 2793 non
1179 2761 1242 2814 opus
1262 2754 1300 2794 est
1320 2741 1366 2794 lter

297 2839 359 2870 num
372 2821 482 2892 regentis
494 2821 632 2874 solventem
645 2837 697 2870 nnn
710 2815 806 2870 benefi-
854 2817 1003 2889 suspicione.
1013 2819 1160 2892 corruptele
1170 2819 1239 2870 enlm
1249 2817 1321 2871 loene
1329 2819 1364 2870 le·

297 2915 354 2948 eum
366 2909 409 2950 aet
420 2897 550 2950 liberalem
565 2897 652 2949 luisse.
854 2893 933 2947 bone
954 2894 1016 2948 Cod.
1037 2897 1118 2958 Nu..
1139 2895 1213 2954 col..
1233 2910 1258 2950 et
1278 2897 1363 2949 Pelet.

329 2995 352 3025 π.
369 2973 553 3044 omnigenere.
570 2977 590 3028 l.
608 2997 630 3027 e.
642 2975 713 3027 omni
726 2973 804 3027 modo
855 2983 907 3024 tert
921 2972 1034 3028 habent:
1049 2973 1148 3027 Tamen
1163 2979 1251 3042 inquii
1260 2976 1364 3047 effuge-

296 3063 319 3103 et
330 3051 435 3105 ratione.
449 3053 620 3105 iureconsulti
634 3052 803 3107 crebriuseule
853 3065 879 3102 te
880 3086 919 3101 ·····
930 3053 1001 3121 quod
1011 3051 1365 3120 vitabatpoinii.Exilloin·

296 3143 318 3180 et
331 3142 413 3181 noster
423 3149 482 3182 mox
494 3150 515 3182 c.
529 3130 562 3196 X,
575 3146 596 3180 r.
852 3131 908 3194 quii
928 3128 973 3179 alii
991 3129 1105 3181 iecerunt
1121 3133 1236 3198 inquies,
1259 3143 1361 3182 uolente

327 3205 351 3256 3.
364 3209 419 3260 Hoc
427 3227 493 3260 vem.
504 3205 582 3274 Quod
590 3205 707 3259 Tiberius
721 3205 787 3258 lecit.
853 3204 958 3258 Eresmo
971 3205 997 3257 in
1011 3225 1071 3271 ora,
1086 3205 1129 3259 alii
1141 3209 1359 3274 inquietudinem,

329 3287 350 3350 l.
362 3283 421 3338 Hoc
438 3286 622 3354 deprehendere
631 3295 676 3337 est.
686 3283 804 3337 Restituil
852 3293 876 3333 et
887 3303 900 3334 e
914 3283 1019 3335 vitabat
1030 3282 1122 3337 deinde
1129 3285 1249 3352 putabet.
1260 3285 1360 3336 Grono-

294 3361 366 3414 Pine.
382 3363 497 3428 ceodd,
511 3363 581 3434 quod
596 3363 668 3416 Gmt.
683 3361 758 3414 eliam
774 3362 801 3414 in
850 3359 906 3412 rius
919 3381 963 3431 pro
974 3381 1034 3413 vero
1046 3360 1138 3415 habet:
1153 3361 1271 3414 Tametsi
1280 3365 1312 3414 id
1319 3367 1360 3433 es-

293 3438 410 3492 omnihus
420 3441 470 3492 suis
479 3440 631 3493 inveniebat.
643 3441 802 3511 Receperunt
843 3437 952 3506 sugere,
968 3451 1012 3490 ete.
1026 3438 1150 3510 Equidem
1165 3437 1250 3490 lorum
1269 3457 1359 3491 unum

292 3518 388 3592 lipsius
399 3531 423 3569 et
439 3518 552 3571 Gronov.
564 3514 661 3591 Lipsius
674 3517 779 3589 explicet
794 3531 800 3564 τ
851 3527 874 3568 et
883 3517 1010 3589 integrum
1026 3515 1147 3579 habeam,
1161 3516 1359 3568 nltimolantnm

293 3599 417 3670 Detegere
444 3595 505 3648 vitia
523 3595 629 3648 latentia
656 3609 680 3646 et
702 3595 800 3646 ell‘erre.
850 3595 944 3663 verbo,
962 3601 1064 3665 patuit,
1090 3610 1229 3669 exponet03
1254 3597 1357 3669 legens,

293 3675 364 3727 Olim
379 3691 385 3726 ε
398 3673 597 3742 Reprehenden.
609 3670 754 3723 Convenire
764 3681 799 3720 tn·
849 3677 946 3743 nequiit
946 3711 986 3726 .....
998 3675 1069 3742 quod
1082 3675 1190 3726 uitabat.
1204 3671 1272 3726 illud
1286 3675 1358 3726 enim

292 3773 351 3805 men
360 3752 439 3824 magis
452 3749 552 3823 patabat
561 3749 799 3818 Gruttdependeie
848 3755 948 3821 nequii!
963 3751 1048 3804 turbae
1068 3752 1112 3804 lm
1132 3752 1219 3804 fecisse
1239 3753 1356 3810 videtur.

292 3829 418 3882 leolvete.
430 3831 459 3880 At
470 3828 565 3879 Seneca
575 3827 744 3898 ignominium
752 3827 799 3900 sig-
848 3832 916 3900 quod
930 3849 1007 3900 quum
1021 3850 1077 3883 nro
1089 3841 1218 3893 otonem,
1232 3829 1260 3882 in
1271 3835 1358 3899 inquit

291 3929 350 3961 nare
370 3907 457 3961 voluit.
475 3905 668 3974 Deprehendere
684 3919 719 3958 est
737 3927 798 3958 eon·
846 3911 970 3959 inntetnrn
985 3905 1050 3959 istud
1060 3911 1145 3975 potitii
1160 3905 1270 3968 creavit,
1284 3908 1357 3958 etsie

290 3988 389 4039 vincere
409 3986 518 4056 aliquem
537 3984 665 4049 criminis,
690 3985 797 4054 ideoque
848 3985 963 4054 deinceps
971 3987 1182 4053 inquietudinem.
1193 3983 1356 4052 cujustemen

291 4065 404 4138 detegere
417 4065 478 4116 vitia
490 4065 591 4118 latentia
605 4075 628 4114 et
641 4063 737 4115 efferre.
751 4064 797 4116 Ci-
847 4061 958 4114 nominis
970 4079 1028 4112 usus
1039 4061 1141 4113 Senecte
1153 4073 1223 4112 aetate
1235 4061 1353 4112 nondum

290 4165 346 4197 cero
358 4145 392 4197 sie
403 4141 534 4213 aliquoties
549 4143 632 4194 utitur.
643 4143 681 4192 Cf.
697 4141 794 4194 Ernesti
846 4139 954 4210 viguisse
964 4138 1071 4190 videtur.
1082 4137 1178 4190 fluetus
1190 4139 1299 4210 margini
1310 4139 1355 4190 ad-

289 4224 349 4274 Clnv
374 4223 424 4276 Cir.
440 4223 463 4273 Ιι.
478 4244 500 4272 v.
843 4221 983 4294 scripserat:
1003 4221 1119 4273 Tametsi
1125 4219 1269 4289 idesfiigere
1280 4219 1355 4272 Tibe-
