2976 4944
329 462 372 554 7⁶
511 457 858 532 consonlrro
882 461 1226 531 andnemu.

272 614 299 648 ιι
325 589 455 658 nolenti
472 591 590 658 similis
603 607 654 659 est
666 603 688 658 ¹.
706 593 745 661 C.
759 593 908 678 Caesar¹‚
918 615 1020 684 quem
1029 593 1113 660 mihi
1128 590 1394 659 videturrcrum

326 723 448 774 natura
461 705 608 776 edidisse
623 757 632 788 ‚
650 724 688 775 ut
706 707 901 776 ostenderet
914 707 999 800 quid
1011 731 1142 776 summa
1155 707 1238 775 vitia
1255 705 1292 772 in
1304 727 1397 773 sum-

327 845 380 888 me
397 819 530 889 forttma
543 837 701 916 possent,
719 824 847 891 centies
866 815 1046 892 sestertio³
1067 822 1211 892 coenavit
1227 845 1297 889 uno
1313 819 1393 903 die3

325 951 360 1003 et
378 936 415 1004 in
433 937 499 1004 hoc
520 937 669 1004 omnium
688 935 824 1030 adjutus
847 939 986 1032 ingenio
1003 988 1012 1021 ,
1032 938 1089 1007 vix
1110 953 1223 1006 tumen
1241 933 1393 1016 invenit,

325 1052 491 1143 quomodo
504 1054 605 1122 trium
621 1047 894 1146 provinciarum⁴
910 1053 1075 1122 tributum
1088 1077 1158 1121 una
1170 1075 1267 1122 coena
1279 1051 1391 1119 ficret.

325 1167 357 1236 Ο
375 1166 604 1249 miserabiles,
625 1192 770 1259 quornm
791 1167 940 1262 palatum
963 1168 1030 1236 nisi
1048 1166 1092 1236 ad
1111 1168 1276 1261 pretiosos
1299 1165 1394 1234 cibos
1481 1189 1482 1244 4

325 1304 394 1348 non
416 1281 602 1351 excitatur!
627 1284 793 1376 pretiosos
812 1299 946 1366 autem,
970 1305 1039 1351 non
1057 1283 1200 1350 eximius
1216 1305 1317 1374 sapor
1335 1297 1396 1348 eut
1481 1331 1482 1370 3

324 1395 438 1487 aliqua
453 1395 601 1466 faucium
615 1395 781 1480 dulcedo,
800 1396 861 1465 sed
872 1397 993 1465 rarius
1005 1410 1040 1464 et
1053 1393 1236 1464 difficultas
1249 1393 1394 1490 parandi
1481 1447 1482 1460 ,

325 1506 439 1580 facit⁵.
461 1512 623 1605 Alioquin
640 1515 667 1581 si
681 1512 724 1581 ad
738 1537 851 1582 sanam
864 1513 931 1580 illis
944 1527 1089 1580 mentem
1106 1511 1238 1606 placeat
1251 1513 1392 1594 reverti,

324 1627 410 1720 quid
426 1653 511 1721 opus
528 1645 580 1696 est
594 1644 643 1697 tot
659 1624 805 1697 artibua⁶
815 1629 927 1696 ventri
942 1626 1188 1695 servientibus?
1201 1624 1287 1719 quid
1300 1651 1395 1695 mer·
1481 1653 1482 1668 ι

323 1745 469 1811 caturia⁷
484 1745 499 1812 Ρ
519 1743 603 1837 quid
616 1746 802 1813 vostatione
815 1743 974 1812 silvarum
984 1736 1022 1810 ⁸?
1038 1741 1123 1834 quid
1136 1738 1297 1836 profundi
1320 1765 1397 1835 per·

323 1860 555 1928 scrutatione?
578 1861 701 1953 passim
721 1860 863 1951 jacent⁹
886 1858 1068 1939 alimenta,
1095 1881 1172 1948 quae
1192 1882 1307 1926 rerum
1329 1881 1393 1925 nu·

325 1980 400 2044 t'ure
419 1976 574 2046 omnibus
594 1976 676 2045 locis
697 1975 854 2069 deposuit
875 2001 881 2040 :
903 1973 964 2042 aed
983 1973 1056 2043 haec
1073 1974 1166 2042 velut
1183 1976 1264 2044 oaeci
1281 1989 1396 2042 trans-

324 2107 429 2175 cunt,
453 2107 487 2160 et
498 2114 614 2160 omnes
627 2094 785 2185 regiones
802 2105 1049 2184 pervagantur,
1071 2089 1178 2158 maria
1195 2089 1393 2182 trajiciunt,

323 2224 358 2277 et
375 2233 480 2300 quum
495 2209 616 2277 famem
630 2208 753 2302 exiguo
768 2209 898 2300 possint
911 2206 1049 2289 cedere,
1066 2229 1188 2300 magno
1205 2205 1355 2276 irritant.

372 2327 420 2393 Χ.
441 2325 542 2393 Libet
559 2324 674 2393 dicere
690 2322 803 2415 :Quid
819 2321 987 2392 deducitis
999 2331 1131 2392 naves¹⁰
1146 2321 1256 2415 iquid
1272 2347 1393 2392 manus

360 2508 379 2542 ι.
397 2491 503 2544 Nolents'
518 2494 613 2546 similis
629 2502 676 2546 est.
690 2492 724 2544 ll.
741 2511 762 2544 e.
778 2510 832 2544 no·
912 2489 937 2544 o.
959 2490 1008 2544 Tot
1026 2493 1136 2544 artibus.
1155 2490 1287 2560 Quasdam
1310 2511 1341 2544 cx
1356 2489 1396 2542 il-

215 2601 216 2604 =
323 2567 830 2644 lentigulscindulgere,qnnmnonpossit,
880 2567 912 2622 lis
926 2569 1019 2622 nribus
1037 2567 1065 2621 in
1084 2567 1124 2622 lais
1137 2587 1193 2640 quse
1206 2589 1265 2622 mox
1281 2586 1396 2639 sequun-

322 2644 412 2699 similis
424 2659 468 2699 est.
622 2705 626 2714 ,
880 2657 921 2699 tur
934 2645 1070 2710 indicavit,
1084 2646 1210 2700 venatoris
1222 2666 1323 2719 nempe,
1339 2645 1396 2719 pis-

354 2743 378 2776 a.
392 2725 472 2778 Caius
488 2723 584 2776 emar.
599 2722 724 2795 Caligula.
881 2723 984 2784 utoris.
994 2723 1142 2784 minueris,
1155 2725 1312 2787 mercatoris
1323 2723 1396 2797 plura

355 2803 379 2854 3.
394 2800 494 2856 Centies
501 2805 628 2855 sestertio.
641 2801 738 2856 Nostrae
756 2819 832 2872 pecu·
882 2820 914 2852 ne
925 2800 1011 2853 innuit
1028 2801 1147 2871 quidem,
1163 2815 1192 2853 ut
1209 2821 1233 2855 v.
1253 2822 1277 2874 g.
1289 2822 1396 2876 opscus·

321 2879 429 2934 nioelere
442 2879 613 2951 1,758‚749fr.
882 2880 953 2946 tutis,
964 2880 1113 2955 pinguiarii,
1122 2881 1272 2946 castratoris‚
1281 2882 1397 2954 pistoris¹

354 2959 379 3024 4.
392 2960 481 3012 Teium
488 2959 687 3027 pmvtnatman.
699 2957 766 3008 Lect.
777 2957 830 3008 ltn-
882 2957 1015 3020 dulcisrii,
1038 2958 1113 3029 coqui
1130 2999 1137 3024 ,
1159 2956 1274 3022 sectoris,
1293 2972 1344 3014 etc.

321 3036 399 3104 tiqua.
416 3036 513 3110 Lipsius
531 3034 631 3088 emend.
652 3035 829 3086 mediocrium.
913 3055 935 3104 7.
953 3031 1030 3104 Quid
1038 3039 1199 3088 mercaturis.
1211 3035 1241 3086 ld
1252 3048 1298 3100 est,
1309 3056 1394 3110 nego·

322 3115 356 3167 At
366 3113 455 3184 quidni
466 3112 498 3165 dc
512 3125 640 3164 menstruo
657 3109 773 3184 vctdgali
784 3109 828 3160 in·
877 3111 1024 3164 dationibus
1037 3111 1080 3164 ,sd
1100 3133 1158 3184 opes
1180 3125 1204 3164 et
1224 3113 1394 3168 instrumenta

265 3216 268 3225 ·
320 3191 436 3262 alligas,
455 3191 476 3242 si
488 3190 542 3244 haec
555 3188 720 3263 proverbialis
736 3189 829 3242 locutio
878 3188 950 3242 luxus
963 3189 1116 3242 arcessenda.

320 3269 452 3340 jactantior
463 3286 514 3322 csse
522 3264 656 3321 videatur?
911 3270 935 3321 8.
949 3269 1245 3320 Vastationesilvarum.
1254 3266 1296 3319 Ad
1303 3265 1399 3320 adifi-

354 3349 376 3397 5.
390 3347 451 3399 Non
459 3349 576 3399 exipsius
578 3382 626 3397 ......
635 3343 830 3415 parandisacit.
881 3343 919 3397 cia
926 3345 997 3398 luxus
1004 3365 1078 3399 causa
1089 3344 1245 3409 exstruenda,
1254 3344 1296 3396 vel
1307 3345 1394 3418 potins

321 3423 431 3475 Martisl.
444 3423 487 3475 tib.
499 3425 577 3488 Xlll‚
592 3425 678 3496 Epigr.
692 3437 785 3482 txxvt,
799 3421 829 3474 dc
878 3422 908 3476 ad
920 3425 985 3476 fem
998 3423 1165 3496 excipicndas.

321 3501 449 3554 Rusticuls
461 3519 467 3553 :
478 3525 490 3549 «ι
498 3501 599 3554 Rustica
610 3501 658 3560 sim
669 3539 675 3563 ,
685 3521 717 3552 sn
727 3499 828 3572 perdix,
911 3521 935 3572 9.
951 3499 1061 3552 Passim
1082 3507 1175 3564 jacent.
1197 3501 1274 3553 Recte
1297 3501 1391 3554 laudat

322 3579 383 3652 quid
391 3583 477 3646 rel'ert,
485 3580 507 3632 si
514 3598 587 3653 sapor
598 3580 666 3632 idem
675 3577 724 3630 est?
739 3575 829 3630 Carior
879 3579 978 3652 Lipsius
991 3596 1047 3649 qun
1059 3579 1147 3640 Telos,
1162 3579 1352 3652 Pythsgorens,
1363 3600 1394 3632 ex

322 3668 358 3708 est
365 3655 465 3729 perdiu
477 3657 512 3710 sic
520 3657 584 3730 sapit
593 3657 636 3709 illa
645 3657 735 3728 magis.
744 3659 827 3708 »trem
878 3651 961 3708 Bionc
974 3657 1063 3720 affert,
1075 3675 1135 3708 sanc
1149 3654 1285 3729 preclara,
1300 3656 1394 3726 inqui·

322 3733 474 3786 Petronius:
498 3756 512 3780 α
527 3735 587 3786 Ales
606 3732 731 3788 Phasiacis
753 3735 828 3808 petita
877 3730 1064 3804 luswupertas
1081 3731 1212 3784 hominem
1226 3731 1317 3804 opibus
1338 3733 1392 3784 suis

323 3811 424 3865 Colchis
439 3814 519 3884 Atque
531 3814 598 3866 Alete
610 3811 723 3865 volucres
733 3813 829 3885 placent
878 3831 931 3861 non
943 3823 1087 3862 contentum
1100 3810 1207 3862 refellit:
1230 3809 1323 3880 quibus
1337 3813 1392 3862 Se-

321 3889 404 3961 palato
418 3890 496 3958 Quod
509 3910 561 3942 non
575 3903 634 3942 sunt
646 3889 766 3945 faciles...
776 3891 828 3943 Ul·
877 3907 939 3942 neca
953 3907 1073 3940 ususesse
1084 3888 1165 3940 rideri
1180 3900 1267 3960 potest
1283 3889 1392 3941 Exstant

321 3967 389 4020 timis
398 3969 429 4019 ab
440 3969 491 4020 oris
504 3969 627 4021 Attractus
640 3980 823 4038 scarus,atque
876 3988 915 4040 sp.
937 3969 962 4020 J.
986 3967 1130 4032 subeam,
1153 3966 1274 4040 Florilcg.
1305 3967 1392 4020 serm.

320 4056 387 4096 arata
398 4045 485 4118 syrtis,
498 4045 526 4096 Si
538 4045 600 4116 quid
610 4044 744 4116 naufragio
757 4043 827 4096 dedit
875 4044 920 4098 lib.
928 4047 950 4108 1,
962 4067 986 4116 p.
998 4046 1035 4098 18.
1044 4043 1111 4110 (¹⁴5.
1122 4063 1159 4116 sq.
1168 4045 1274 4100 sehov.
1284 4046 1352 4108 λόγος
1364 4049 1390 4110 ι’)

321 4125 447 4197 probatur,
457 4125 591 4198 Quidquid
606 4127 743 4200 queritur,
762 4125 827 4196 opti·
909 4123 1389 4178 X.Auu.Necsvsritiafclieemreddit.

321 4221 390 4254 suum
401 4203 506 4256 videtur.
518 4226 530 4249 ιι
911 4221 949 4256 ιο.
961 4203 1297 4256 Dedueitisnasesdnmare
1306 4223 1391 4256 scon·
