2976 4944
519 479 694 550 CAPUT
725 479 767 546 V.
1134 479 1176 553 35

105 631 226 701 magna
236 607 394 677 videatur
406 611 570 678 varietate
580 609 792 704 singulorum
806 609 875 677 vita
887 607 1071 704 distingui,
1088 635 1179 681 sum·

105 747 159 792 ma
177 728 216 792 in
235 749 344 794 unum
362 727 458 793 venit
478 752 486 792 :
507 729 699 820 accepimns
718 726 873 821 peritura
897 727 1055 817 perituri.
1084 727 1180 820 Quid
1207 748 1224 801 6

108 839 154 907 ita
176 839 425 933 indignamur?
444 839 529 933 quid
550 841 755 932 querimur?
771 837 817 907 ad
834 840 900 908 hoo
922 841 1033 932 parati
1051 865 1177 910 sumus.

110 955 253 1038 Utatur,
280 972 319 1024 ut
339 956 434 1038 vult,
460 957 530 1024 suis
551 972 675 1024 natura
701 940 935 1048 corporibus:
958 979 1020 1023 nos
1046 955 1115 1024 laeti
1140 956 1185 1024 ad

109 1075 223 1142 omnia
243 1091 278 1142 ct
296 1073 399 1142 fortes
421 1075 608 1168 cogitemus
634 1073 722 1141 nihil
739 1074 854 1167 perire
874 1072 917 1141 de
937 1091 1066 1143 nostro.
1082 1059 1186 1167 'Quid

109 1207 159 1260 est
185 1191 271 1260 boni
300 1195 396 1262 viri?
415 1192 575 1286 praebere
601 1193 740 1260 seluto.
769 1189 909 1260 Grande
929 1191 1084 1260 solatium
1110 1209 1182 1277 cst,

109 1334 185 1378 cum
202 1311 363 1377 universo
392 1311 479 1401 rapi.
509 1307 693 1404 Quidquid
716 1307 881 1402 estquod
906 1333 968 1377 nos
995 1309 1044 1377 sic
1070 1313 1186 1378 vivere

102 1425 227 1517 jussit,
260 1427 310 1494 sic
339 1428 451 1508 mori,
482 1425 602 1494 eadem
627 1426 828 1493 necessitate
858 1440 892 1492 et
921 1426 1011 1493 Deos
1039 1425 1181 1520 alligat,

107 1544 343 1612 irrevocabilis
368 1545 518 1612 humana
535 1544 665 1637 pariter
679 1568 719 1612 ac
733 1543 849 1612 divina
863 1567 982 1612 cursus
998 1544 1105 1611 vehit.
1125 1543 1187 1612 Ille

107 1661 180 1754 ipse
197 1661 350 1730 omnium
364 1660 521 1729 conditor
535 1676 571 1728 at
581 1675 694 1728 rector
705 1659 841 1752 scripsit
851 1657 990 1752 quidem
1005 1659 1073 1728 fata
1085 1663 1110 1744 ¹,
1127 1655 1189 1727 sed

108 1777 265 1868 sequitur
284 1803 293 1841 :
315 1800 449 1870 semper
471 1791 591 1868 paret,
621 1773 725 1842 semel
746 1774 861 1866 jussit.
896 1775 1049 1867 «Quare
1075 1792 1188 1844 tamen
1216 1797 1229 1844 t

111 1921 128 1956 s
150 1897 246 1964 Deus
272 1909 340 1961 tam
362 1895 502 1985 iniquus
523 1893 560 1960 in
578 1890 818 1960 distributione
839 1891 897 1959 lati
925 1893 1011 1976 fuit,
1034 1909 1073 1968 ut
1090 1894 1190 1962 bonis

113 2037 129 2072 s
150 2009 237 2076 viris
257 2024 521 2101 paupertatem,
549 2006 693 2075 vulnera
719 2022 754 2074 et
778 2007 901 2074 acerba
921 2006 1042 2076 lunera
1061 2008 1192 2076 adscri-

115 2126 283 2194 nberet?
301 2153 317 2189 o
341 2127 418 2193 Non
436 2138 548 2218 potest
573 2121 694 2191 artifex
719 2137 855 2222 mutare
877 2125 1053 2192 materiem
1081 2151 1088 2190 :
1116 2125 1191 2193 herc

109 2265 209 2336 passa
223 2255 277 2308 est
287 2245 315 2306 ².
333 2238 500 2331 Quaedam
517 2238 667 2331 separari
685 2235 924 2330 aquibusdam
938 2263 1008 2306 non
1026 2257 1187 2332 possunt,

109 2357 307 2438 coherent,
328 2353 506 2424 individua
523 2369 614 2423 sunt.
632 2351 811 2448 Languida
824 2355 983 2448 ingenia,
1001 2372 1036 2424 et
1054 2358 1091 2424 in
1106 2383 1191 2428 som-

108 2500 191 2544 num
205 2475 318 2555 itura,
340 2489 399 2541 aut
417 2474 452 2541 in
472 2471 622 2565 vigiliam
640 2495 756 2540 somno
776 2472 1001 2557 simillimam,
1019 2477 1189 2547 inertibus

106 2571 295 2658 nectuntur
311 2578 513 2662 elementis³
530 2613 539 2652 ε
556 2602 594 2654 ut
607 2587 778 2655 efficiatur
795 2588 849 2655 vir
862 2612 939 2655 cum
949 2585 1056 2660 cura‘
1072 2592 1189 2664 dicen-

105 2704 192 2786 dus,
213 2705 356 2773 fortiore
377 2704 445 2771 fato
464 2726 548 2796 opus
566 2695 652 2770 est⁵.
674 2705 750 2771 Non
772 2703 839 2771 erit
857 2703 907 2770 illi
928 2705 1068 2797 planum
1092 2708 1184 2776 iter:

105 2847 241 2891 sursum
253 2835 388 2913 oportet
406 2844 446 2887 ac
462 2815 626 2887 deorsum
640 2835 719 2900 eat,
737 2819 942 2900 fluctuetur,
961 2847 1001 2890 ac
1013 2825 1186 2918 navigium

105 2941 140 3006 in
154 2933 298 3006 turbido
313 2951 430 3028 regat,
452 2949 570 3001 contre
590 2932 759 3000 fortunam
779 2935 829 3002 illi
849 2935 1018 3006 tenendus
1035 2955 1087 3006 est
1104 2965 1186 3008 cur-

105 3079 175 3122 sus.
203 3049 316 3120 Multa
336 3049 493 3118 accident
516 3047 624 3131 dura,
646 3071 794 3140 aspera,
819 3048 881 3116 sed
903 3074 979 3142 quae
1002 3053 1131 3123 molliat
1152 3072 1187 3124 et
1210 3079 1228 3131 s

106 3165 303 3262 complanet
316 3165 400 3256 ipse.
416 3164 510 3255 Ignis
519 3186 640 3231 aurum
651 3161 793 3255 probat,
812 3163 950 3232 miseria
963 3165 1066 3234 lortes
1079 3169 1181 3237 viros.

105 3349 192 3388 tamen
203 3333 282 3386 obss.
294 3331 339 3386 lib.
351 3332 390 3397 11,
402 3351 457 3404 cap.
469 3330 515 3396 23,
527 3351 551 3404 p.
565 3332 621 3396 ι4ο,
671 3342 768 3394 satore,
777 3329 994 3386 sinemomoveat.
1004 3335 1183 3401 Constantem,

106 3413 227 3467 emendat
240 3431 296 3464 non
306 3409 373 3462 male
385 3409 512 3461 renitenti·
671 3407 698 3460 id
709 3419 759 3474 ert,
772 3407 863 3472 uario,
882 3413 1013 3464 materiam
1031 3416 1141 3478 innuat,
1161 3428 1184 3466 et

141 3509 163 3543 ι.
178 3491 293 3558 Scripsit
298 3489 374 3560 satu.
392 3487 488 3552 idest,
510 3483 579 3558 leges
594 3483 621 3536 in
671 3503 833 3556 quocumque
844 3485 914 3553 vult,
925 3503 1013 3543 versat.
1026 3490 1103 3545 Plura
1115 3493 1185 3547 dedit

105 3581 231 3622 cunm
247 3565 323 3630 dixit,
337 3562 442 3636 scripsit.
671 3563 1184 3638 lipsiusinPhysiolog.Stoie.ll,4,Tie-

137 3668 163 3700 ι.
173 3647 237 3699 Non
245 3653 461 3714 poteram-passa
472 3651 518 3694 est.
530 3639 622 3694 Stoice
672 3639 794 3692 demann·
803 3641 878 3695 Geist
884 3646 931 3697 der
937 3647 1038 3714 rpekul.
1043 3649 1183 3718 Philonll,

104 3725 198 3777 schole
209 3725 341 3775 decretum
353 3737 360 3772 t
373 3718 405 3772 ds
416 3737 468 3790 qno
478 3721 511 3771 ri.
520 3719 554 3771 ad
564 3719 620 3770 Nat.
671 3739 694 3791 p·
704 3720 761 3786 440.
773 3739 827 3792 sqq.
836 3722 944 3776 Materia
956 3725 1034 3798 igitur
1043 3747 1129 3795 passa
1137 3739 1184 3790 est,

105 3804 205 3872 Quat
219 3801 266 3854 lib·
280 3801 310 3866 l,
333 3800 401 3873 prol.
420 3799 477 3868 Sa,
492 3797 526 3864 3,
539 3809 564 3848 et
575 3795 620 3848 lin.
671 3809 699 3849 ut
709 3798 864 3850 formaretur
872 3801 900 3851 in
911 3799 936 3853 id
948 3803 1018 3872 qnod
1032 3804 1086 3856 lieri
1095 3807 1184 3878 potuit.

105 3881 170 3932 ltern
182 3876 491 3948 Diog.1.sert.lilt.Vll,
508 3877 564 3943 ι34,
576 3876 621 3928 ulii
670 3875 815 3928 lllustrttur
826 3895 895 3930 nunc
913 3878 961 3933 hec
976 3881 1070 3954 dogma
1086 3883 1183 3954 aliquot

106 3962 209 4032 nmsg.
222 3957 313 4010 sense.
331 3957 379 4029 Ep
392 3955 434 4018 6⁵,
453 3953 556 4007 tntu:
569 3953 621 4006 Dl—
672 3953 802 4028 exemplis.

108 4051 181 4104 cnut,
191 4050 220 4088 nt
230 4036 293 4100 seis,
309 4034 390 4086 Stoici
404 4032 497 4095 nostri,
507 4033 560 4086 duo
569 4051 621 4084 esse
705 4031 888 4085 3·Elementis.
899 4031 939 4085 cf.
949 4035 980 4086 de
988 4037 1029 4088 lra
1040 4035 1076 4102 ll,
1090 4039 1134 4103 rs,
1146 4059 1182 4113 tq

112 4116 139 4166 in
156 4133 243 4166 rerum
256 4125 364 4180 natura,
382 4131 411 4163 cr
427 4110 521 4181 quibus
536 4110 622 4163 omnis
707 4111 730 4176 4
745 4109 1074 4167 contumulandae
1089 4117 1184 4190 gloria:

113 4193 174 4246 fiant
184 4212 192 4245 :
204 4211 309 4246 annm
327 4203 351 4243 et
362 4189 504 4241 materiam·
516 4187 625 4240 Materia
677 4189 710 4240 de
724 4187 814 4240 Benel.
825 4189 870 4254 lV,
886 4209 907 4252 r,
918 4209 938 4241 ι.

114 4273 177 4342 jaret
186 4268 627 4340 inerszrendomnirparatnrcs-
711 4265 925 4340 5·Fortionsoto
927 4304 974 4320 ......
982 4283 1027 4325 est·
1043 4271 1120 4339 Quod
1134 4273 1188 4324 ori-
