2976 4950
263 399 330 484 45⁴
420 433 425 450 ·
597 399 666 494 nn
690 400 995 470 aanarlcrts

309 549 476 618 XXXIV.
500 545 659 634 Deinde,
683 553 711 618 si
731 551 798 620 hoc
815 576 937 646 parum
961 565 1034 636 est,
1064 553 1157 647 finge
1186 553 1338 646 aliquem

200 665 205 678 “
260 677 429 732 tormenta
446 665 555 757 patris
566 661 785 750 discussisse,
802 665 895 760 finge
908 667 944 734 in
957 689 993 734 se
1003 667 1226 736 transtulisse.
1240 667 1341 734 Licet

260 779 320 846 tibi
340 781 377 847 in
395 797 560 873 quantum
576 780 661 850 velis
675 779 857 850 extendere
872 781 1041 852 beneficia
1058 783 1135 866 filii,
1154 809 1261 876 quum
1277 809 1341 878 pa-

236 896 241 910 ’
262 910 394 962 ternum
415 919 537 963 munus
556 910 591 964 et
605 894 747 996 simplet
761 895 816 978 sit,
834 908 870 964 et
890 895 1013 980 facile;
1030 893 1090 964 aed
1109 911 1143 964 et
1163 896 1259 964 danti
1275 921 1339 964 vo-

260 1011 445 1102 lnptarium
465 1033 473 1076 :
492 1009 584 1104 quod
602 1035 741 1080 necesse
760 1025 811 1079 est
830 1011 889 1078 ille
904 1011 1019 1079 multis
1034 1009 1169 1080 dederit
1183 1016 1207 1094 ¹,
1234 1013 1339 1079 etiam

261 1123 386 1216 quibus
408 1122 543 1194 dedisse
568 1149 604 1193 se
623 1125 777 1210 nescit'3
797 1125 835 1191 in
854 1147 923 1216 quo
942 1142 1132 1193 consortem
1150 1124 1280 1208 habet,
1301 1125 1338 1212 in

261 1265 329 1331 quo
349 1235 513 1334 speclavit
526 1241 637 1336 legem
652 1234 825 1334 patriam³,
843 1242 979 1334 praemia
993 1258 1140 1334 patrum,
1161 1241 1284 1310 doinus
1297 1264 1341 1307 ae

263 1357 396 1424 tsmtliae
414 1360 700 1454 perpetuitatem,
722 1358 834 1425 omnia
851 1359 965 1450 potius
983 1383 1085 1452 quam
1099 1383 1177 1427 eum
1195 1360 1252 1427 cni
1271 1356 1336 1425 da·

262 1471 332 1538 bat.
355 1471 451 1564 Quid
468 1473 496 1540 si
514 1474 591 1565 quis
607 1473 806 1565 sapientiam
822 1488 1042 1554 consecutus,
1060 1473 1150 1542 hane
1162 1474 1253 1567 patri
1266 1488 1339 1540 tra·

264 1587 416 1672 diderit,
446 1592 548 1658 etiam
576 1615 668 1660 nune
696 1589 970 1683 disputabimus,
996 1615 1040 1659 an
1063 1592 1171 1684 majus
1200 1591 1337 1684 aliquid

170 1719 173 1726 ’
263 1707 427 1790 dederit,
458 1733 559 1801 quam
583 1724 761 1801 acceperat
792 1735 799 1774 :
830 1733 937 1800 quum
958 1711 1061 1778 vitam
1088 1709 1220 1778 beatam
1240 1711 1334 1802 patri

262 1823 474 1907 reddiderit,
495 1825 667 1922 acceperit
684 1840 814 1892 tantum
829 1825 932 1894 vitam
944 1825 959 1892 P
972 1823 1040 1895 Sed
1054 1828 1182 1920 patris,
1199 1827 1336 1920 inquit,

262 1941 467 2010 beneficium
488 1959 558 2024 est,
587 1939 757 2034 quidquid
778 1941 882 2024 facis,
910 1941 1081 2034 quidquid
1103 1959 1267 2040 praestare
1287 1943 1340 2011 illi

292 2153 415 2206 XXXIV.
433 2149 504 2206 duo.
521 2151 677 2226 Hypotbeses
688 2171 768 2206 novas
817 2151 908 2207 eodem
919 2149 964 2208 tilo
978 2152 1148 2210 docuntursd
1167 2153 1341 2210 minuendam

258 2229 398 2304 subjungit3
407 2230 513 2304 aliisque
520 2229 695 2300 aliisquebene
702 2229 769 2280 mul·
822 2227 975 2283 beneficium
985 2245 1125 2303 paternum.
1137 2233 1211 2285 Nihil
1221 2233 1338 2305 impedit,

259 2307 290 2360 tis
303 2307 450 2360 muneribus
465 2308 581 2380 prestitis
596 2319 667 2379 rogat
681 2325 778 2360 annon.
819 2308 1340 2382 inquit,quominusinimmensumexag·

260 2389 314 2442 lilio
329 2401 398 2463 pater
410 2389 441 2440 sit
450 2389 583 2460 obligatus.
591 2389 694 2440 Vanum
701 2387 771 2463 quod
819 2407 891 2460 geres
900 2387 1039 2454 beneficia,
1050 2407 1108 2460 quae
1119 2410 1134 2442 a
1144 2387 1199 2443 filio
1208 2401 1290 2462 potest
1299 2408 1340 2441 ae·

260 2489 334 2541 supra
347 2467 484 2540 allegatum
505 2481 675 2541 erat,nempe
694 2465 770 2539 patris
819 2465 901 2538 cipere
915 2479 984 2541 pater
1000 2467 1118 2519 :nullom
1133 2475 1171 2518 est
1188 2467 1257 2519 enim
1274 2467 1339 2518 tanti

261 2544 415 2599 beneficium
428 2560 452 2599 et
469 2547 516 2600 boe
535 2567 604 2611 esse,
622 2545 691 2617 quod
707 2546 771 2619 patri
820 2546 944 2596 momenti
956 2586 963 2612 ,
977 2559 1030 2598 tarn
1042 2545 1090 2597 lete
1101 2555 1190 2618 pateus
1203 2584 1210 2609 ,
1223 2544 1294 2616 qaod
1303 2544 1340 2596 ab

261 2623 771 2698 filiusquidqusmprestarepossitddem
819 2621 925 2678 bomine
935 2625 963 2678 in
976 2625 1111 2677 hominem
1125 2641 1229 2677 manare
1244 2624 1338 2700 possit,

262 2705 340 2778 igitur
352 2707 383 2760 de
393 2705 533 2758 institutore
544 2725 616 2780 posse
628 2703 771 2775 dicitquod
820 2702 889 2771 quod
901 2720 953 2755 non
965 2704 1041 2757 etiam
1052 2703 1116 2776 petri
1125 2720 1262 2778 expensum
1272 2704 1339 2755 serre

149 2843 159 2857 N
263 2783 407 2836 ridiculum.
820 2791 896 2849 quest
904 2779 973 2833 lilius
983 2820 991 2846 ,
1002 2801 1081 2853 quum
1091 2782 1194 2834 interim
1205 2791 1339 2854 paternum

299 2857 685 2931 r.Sedetdantr'voluptorinm,
702 2861 775 2928 qaod
820 2857 884 2911 illud
901 2860 1024 2930 genitura
1042 2861 1074 2914 sit
1092 2879 1190 2928 unum,
1211 2859 1336 2932 volgare,

264 2951 410 2994 necessust
420 2979 427 3006 ,
438 2943 484 2993 r'lle
496 2943 586 2992 mullis
599 2941 715 3003 dederit,
726 2947 772 2992 ete.
821 2936 926 2990 obvium
935 2948 1119 3012 paratumque,
1134 2949 1254 3010 preterea
1269 2937 1340 2990 lusus

266 3019 354 3087 Quum
369 3019 471 3092 vulgata
487 3035 532 3070 ner
549 3019 628 3069 donn
645 3019 774 3070 volunta-
822 3029 846 3068 et
856 3015 925 3088 jocus
938 3019 1023 3082 danti;
1039 3032 1093 3070 tum
1104 3017 1249 3088 ejusmodi,
1268 3019 1339 3090 quod

264 3101 342 3149 rium.
357 3095 434 3167 Quid
443 3111 542 3149 neeesse
551 3105 590 3148 est
601 3097 716 3150 multis?
728 3095 774 3147 bs·
824 3095 963 3148 neeessario
977 3099 1087 3168 (quotus
1102 3097 1171 3150 enim
1183 3097 1292 3168 quisque
1310 3099 1339 3150 in

265 3177 343 3244 beret,
351 3176 423 3229 codd.
435 3188 518 3228 autem
529 3175 630 3240 darent,
640 3177 689 3228 sed
696 3177 776 3228 dante
824 3189 900 3224 uxore
911 3173 1022 3246 primurn
1033 3175 1117 3228 virum
1132 3195 1158 3229 se
1171 3176 1297 3248 experitur
1304 3175 1337 3243 Ρ]

265 3257 461 3316 voluntarium,
481 3263 504 3304 et
516 3252 634 3325 deinceps
646 3253 776 3326 quodne·
823 3248 910 3300 multis
918 3250 1015 3305 dederit
1023 3293 1031 3318 ,
1040 3271 1105 3322 quoa
1114 3271 1167 3306 nou
1176 3253 1305 3324 agnoseit,
1315 3267 1339 3308 et

265 3349 335 3384 cesse
345 3341 397 3398 est,
410 3333 454 3384 itte
463 3333 555 3384 maltis
565 3331 666 3384 dederit
674 3333 754 3382 etiam
765 3347 775 3382 r
825 3327 894 3398 qnod
903 3347 956 3380 non
965 3327 1048 3381 solum
1059 3329 1129 3382 dedit
1136 3367 1143 3395 ,
1150 3329 1192 3381 sed
1201 3343 1301 3402 petrem
1310 3331 1339 3384 iu

265 3409 403 3462 Pineisnas
425 3412 525 3483 egregie
544 3429 645 3463 sensum
671 3411 776 3462 souerse
825 3425 855 3457 eo
874 3425 976 3460 oonsors
994 3409 1042 3459 tori
1057 3407 1187 3470 vindieat3
1208 3407 1239 3460 de
1252 3419 1340 3478 quout

266 3489 418 3563 perspiciens
428 3487 516 3545 deditt
534 3491 582 3542 sed
598 3499 623 3541 et
638 3491 715 3540 danti
727 3508 777 3540 vo-
825 3483 954 3555 cogitaret,
966 3484 1190 3537 invitatusestnou
1201 3485 1340 3536 commodo

267 3571 428 3636 baptorium,
449 3571 521 3637 qnod
535 3583 634 3620 necesse
653 3575 705 3632 est,
729 3577 775 3618 ete.
825 3573 867 3614 ent
878 3562 1022 3616 necessitate
1040 3563 1182 3636 accepturi,
1199 3561 1244 3614 sed
1258 3563 1342 3635 punis

268 3663 376 3718 eumque
392 3647 445 3718 jure
455 3659 554 3699 secutus
566 3655 602 3697 est
613 3643 774 3706 Gronovius,
827 3637 944 3691 celibum
956 3640 1011 3713 lege
1021 3639 1138 3712 irrogatis
1146 3652 1171 3691 et
1180 3637 1294 3714 premiis
1300 3659 1342 3712 pa·

267 3723 312 3793 qui
325 3722 442 3796 protelare
454 3724 539 3776 laeum
551 3722 620 3774 hune
630 3723 777 3797 interpreta-
825 3729 906 3779 uum,
919 3731 943 3770 et
952 3717 1077 3771 desiderio
1089 3717 1258 3792 propagandae
1270 3736 1342 3790 gen-

267 3808 307 3852 tus
320 3801 541 3872 est-virgulam
559 3819 636 3876 quam
657 3801 781 3872 liubkopl
826 3795 873 3861 tis,
886 3797 997 3869 danique
1015 3795 1133 3851 omnibus
1155 3796 1213 3848 aliis
1232 3795 1340 3870 potius,

269 3891 326 3930 ante
336 3881 417 3930 etium
427 3878 514 3956 ponit,
526 3897 572 3930 nos
582 3887 638 3948 post
647 3877 712 3930 bsne
720 3897 776 3929 roe.
827 3897 903 3945 quam
911 3889 1022 3952 respectu
1033 3878 1086 3950 ejus
1099 3877 1140 3930 cui
1148 3875 1231 3929 dabat.
1241 3873 1343 3928 Grono

268 3956 457 4020 transtulimus,
470 3956 649 4030 perspicuitatis
662 3973 744 4008 eausa.
828 3957 891 4006 vius.

302 4057 325 4086 π.
338 4035 780 4106 Sedetdontivoluptorium,quod
864 4029 886 4082 3.
899 4033 960 4086 Lex
977 4035 1070 4102 patrio
1089 4045 1124 4085 est
1146 4033 1197 4084 Les
1216 4029 1287 4083 tutia
1308 4031 1342 4082 de

269 4133 367 4167 necesse
374 4123 421 4172 est,
428 4117 474 4167 itte
482 4117 573 4166 mrdtis
581 4113 686 4177 dcdert't,
698 4115 777 4165 etiam
827 4111 975 4166 maritandis
986 4111 1132 4176 ordinibus,
1146 4129 1222 4183 quam
1237 4107 1343 4181 pertulit

269 4194 362 4264 quidus
370 4195 472 4246 dedisse
483 4213 511 4244 se
524 4195 609 4246 nescit.
620 4191 778 4245 Omnisbaee
830 4197 964 4262 Augustus.
979 4191 1083 4243 Sueton.
1099 4191 1165 4262 Aug.
1177 4191 1217 4262 89.
1230 4187 1343 4240 Premis
