2954 4926
284 427 351 490 600
625 421 695 492 DE
718 421 1033 494 BENEFICIIS

284 554 343 622 ecel
363 576 432 620 non
450 553 558 621 debeo
575 555 699 638 vitam,
718 555 800 647 quia
818 555 897 624 emi.
919 557 991 623 Nee
1008 577 1109 647 quam
1127 556 1366 648 necessarium

284 669 405 749 luerit,
423 669 572 752 aestimo,
592 670 748 762 sineque
766 671 919 738 victuma
933 695 1003 739 non
1016 670 1067 738 fui
1084 697 1092 737 :
1110 668 1171 740 eed
1188 653 1291 764 quarn
1307 673 1370 740 in·
1467 719 1468 764 3

285 801 442 882 gratum,
458 785 567 880 quod¹
586 811 656 856 non
669 787 885 871 habuissem,
901 787 968 854 nisi
982 789 1157 876 emissem3
1174 791 1293 882 inquo
1310 792 1369 858 in·

283 902 441 972 vehendo
454 919 621 972 mercator
634 927 703 972 non
715 905 877 999 cogitavit
889 919 1053 996 quantum
1065 905 1182 973 auxilii
1192 906 1369 974 allaturus

285 1037 374 1090 esset
387 1021 485 1105 mihi,
500 1020 560 1089 aed
571 1037 734 1115 quantum
747 1021 833 1090 lucri
847 1019 926 1090 eibi.
938 1021 1043 1114 Quod
1055 1024 1134 1106 emi,
1151 1045 1221 1092 non
1230 1023 1364 1092 debeo.

334 1139 414 1206 XV.
434 1138 507 1230 leto¹
522 1137 640 1220 modo,
661 1138 792 1229 inquit,
813 1160 858 1204 ue
875 1137 1006 1206 medico
1024 1139 1210 1231 quidquam
1229 1137 1366 1208 debere

285 1267 338 1334 te,
356 1253 422 1320 nisi
437 1250 686 1334 mercedulam,
705 1252 798 1320 dices
817 1277 824 1318 :
846 1275 911 1320 nec
929 1255 1169 1346 praeceptori²‚
1191 1255 1274 1346 quia
1288 1254 1367 1321 ali-

286 1369 370 1464 quid
380 1361 641 1456 numeraverie³‚
656 1371 751 1461 etqui
763 1370 913 1438 omnium
921 1370 1045 1438 horum
1057 1369 1150 1464 apud
1162 1395 1223 1440 noe
1234 1395 1367 1465 magna

285 1485 427 1566 caritas,
443 1507 566 1578 magna
576 1485 768 1552 reverentia
777 1497 840 1552 cst.
854 1480 1026 1552 Adversus
1036 1483 1103 1552 hoc
1115 1482 1362 1578 respondetur,

286 1601 441 1694 quaedam
455 1601 565 1694 pluris
579 1595 688 1684 eene‘,
701 1625 802 1694 quam
815 1616 988 1669 emuntur.
1005 1602 1096 1668 Emis
1109 1625 1130 1668 a
1140 1599 1273 1670 medico
1286 1626 1366 1670 rem

286 1703 577 1800 inaestimabilem,
593 1717 696 1786 vitam
708 1715 986 1784 acvaletudinem
999 1715 1121 1786 honam
1137 1741 1145 1782 ε
1159 1741 1179 1784 a
1191 1717 1367 1784 bonarum
1471 1784 1472 1788 ,

246 1854 261 1886 ²
286 1837 411 1904 artium
425 1852 635 1928 preceptore
652 1833 764 1902 studia
781 1832 957 1917 liberalia,
974 1851 1009 1901 et
1020 1836 1125 1903 animi
1138 1836 1284 1924 cultum.¹
1295 1837 1367 1902 Ita·

288 1977 355 2044 que
368 1952 423 2020 hie
437 1975 507 2020 non
520 1953 572 2018 rei
583 1952 750 2044 pretium,
764 1947 825 2019 sed
837 1949 1120 2043 operaeaolvitur,
1134 1951 1227 2043 quod
1240 1950 1366 2020 deser·

287 2069 402 2154 viunt,
415 2066 508 2162 quod
522 2093 541 2136 a
556 2067 657 2136 rcbue
670 2069 740 2136 euie
752 2068 882 2136 avocati
896 2064 995 2135 nobis
1012 2083 1150 2151 ramur,
1167 2066 1365 2136 mercedem

288 2209 358 2254 non
378 2186 512 2262 meriti,
538 2182 598 2252 red
621 2183 851 2276 occupationis
868 2207 936 2252 auae
954 2183 1081 2252 ferunt.
1098 2177 1224 2252 Aliud⁵
1248 2200 1365 2254 lamen

289 2300 358 2370 dici
373 2281 484 2396 poteet
497 2303 632 2385 verine,
648 2301 740 2394 quod
754 2301 865 2370 atatim
880 2323 1004 2394 ponam
1016 2351 1026 2384 ,
1039 2303 1066 2370 ei
1082 2301 1177 2396 priua
1190 2301 1365 2394 quomodo

290 2416 383 2488 istud
402 2419 512 2488 refelli
529 2419 652 2512 poscit,
677 2415 870 2488 ostendero.
897 2416 1080 2509 Quaedam,
1101 2420 1231 2512 inquit,
1253 2420 1365 2513 pluris

290 2548 369 2601 eunt
387 2557 487 2625 quam
506 2535 718 2616 vaenierunt,
737 2548 771 2600 et
788 2533 833 2600 ob
848 2531 915 2600 hoc
933 2523 1066 2625 aliquid
1082 2533 1167 2601 mihi
1187 2549 1283 2602 extra
1298 2558 1365 2628 pro

248 2661 264 2714 3
290 2653 381 2740 illia,
402 2655 556 2748 quamvis
570 2667 681 2746 empta
696 2653 780 2734 sint,
800 2649 917 2718 debes.
930 2652 1104 2736 Primum,
1122 2650 1208 2744 quid
1222 2654 1366 2722 intereat

290 2883 399 2944 spectat,
416 2871 448 2923 ad
464 2870 527 2924 alios
543 2890 596 2922 non
613 2867 713 2932 lendil,
730 2879 759 2919 ul
770 2867 800 2920 iis
849 2867 942 2932 captori
955 2865 1061 2938 qratiam
1071 2865 1366 2941 debemua,inpriroisai

290 2951 423 3004 utilitatem
435 2963 569 3025 comparet.
848 2945 924 2998 amici
938 2964 983 2997 noe
996 2947 1119 3000 demereri
1130 2947 1241 3000 eludent.

329 3049 349 3084 r.
359 3031 414 3084 Sed
419 3049 501 3101 quum
509 3035 653 3100 ingram,
662 3029 740 3096 quod.
750 3027 802 3080 Ru·
884 3045 907 3076 a.
920 3025 1085 3093 Proecepton'.
1099 3025 1140 3078 Gi
1152 3025 1207 3090 lll,
1231 3023 1265 3089 3,
1286 3025 1367 3078 3nol.

291 3107 368 3162 banio
382 3107 523 3172 assentior,
543 3105 630 3176 quiin
648 3104 723 3157 codd.
743 3122 757 3155 a
775 3121 802 3155 ae
852 3121 945 3176 magna
957 3102 983 3154 in
994 3103 1095 3156 caritate
1106 3117 1131 3156 et
1140 3103 1283 3156 reverentia
1299 3103 1366 3176 apud

291 3187 410 3261 inspeetis
427 3187 495 3240 hane
510 3186 624 3241 eamdem
647 3183 801 3246 lectionem,
852 3203 898 3236 noa
913 3193 1028 3256 parentes
1043 3195 1102 3236 eune
1113 3181 1252 3233 liberor-nm
1266 3193 1369 3232 noane-

293 3266 367 3320 eliam
386 3286 400 3318 a
420 3264 553 3318 Gronovio
574 3264 601 3316 in
617 3261 715 3314 duobus
729 3259 803 3314 codd.
852 3279 909 3315 rum
926 3272 1106 3334 preceptores,
1127 3257 1222 3330 quippe
1240 3256 1286 3327 qni
1308 3257 1367 3308 ani-

293 3356 436 3418 repertam,
449 3343 566 3416 pretulit.
580 3343 709 3413 lugentum
719 3350 804 3391 antem
852 3359 923 3394 mum
936 3340 1074 3392 liberorum
1092 3349 1189 3392 curant.
1207 3337 1298 3408 ltaque
1317 3335 1368 3390 eibi

293 3434 338 3488 eat,
352 3443 460 3492 proquo
473 3441 527 3474 non
535 3420 655 3473 debemus
663 3415 769 3490 gratim
781 3416 803 3481 l,
853 3417 905 3492 ipae
917 3436 970 3468 non
980 3415 1132 3468 adversatur.

294 3521 326 3564 7,
341 3523 364 3554 a.
376 3499 514 3552 Pincianus
523 3497 631 3566 coniecit
640 3513 646 3548 :
656 3515 737 3564 quam
743 3513 805 3564 gm-
888 3493 911 3545 3.
929 3493 1044 3561 Aliquid
1059 3495 1246 3546 numeraveris.
1258 3491 1320 3544 Vid.
1333 3491 1367 3543 ad

294 3581 395 3638 tuimur.
413 3577 484 3630 Olim
498 3575 619 3650 publicati
635 3587 659 3627 et
677 3591 735 3626 mss.
754 3573 805 3626 iere
855 3591 908 3643 cap.
925 3591 969 3634 ιι,
984 3590 1040 3644 pag.
1055 3570 1118 3642 595,
1132 3583 1185 3622 nol.
1197 3590 1222 3622 a.

295 3677 384 3712 omnen
396 3677 403 3710 ι
416 3659 465 3709 sed
478 3657 550 3724 quod
562 3657 713 3722 ingreium,
727 3649 805 3718 quod.
888 3651 912 3715 4.
932 3649 1066 3720 Quaedam
1076 3653 1162 3719 pluris
1179 3669 1252 3714 esse,
1265 3662 1313 3702 ele.
1333 3649 1367 3700 ll.

295 3735 365 3790 Hinc
385 3735 501 3788 Gronov.
524 3734 605 3784 iacere
628 3727 708 3780 voluit
729 3744 736 3778 ε
761 3725 805 3778 aed
856 3747 877 3779 e.
894 3729 1008 3797 quaedam
1022 3727 1100 3800 prelio
1117 3726 1199 3780 enolto
1219 3729 1315 3799 majore
1327 3747 1368 3779 re·

296 3835 378 3884 praem
387 3834 438 3868 non
449 3815 612 3882 gralialium,
624 3827 654 3859 ex
662 3809 806 3875 gratuitum
855 3826 972 3860 veracem
979 3825 1056 3877 qnam
1064 3804 1219 3871 venduntur,
1228 3819 1368 3860 autemna-

297 3878 405 3968 opinana
417 3893 511 3944 lactum
529 3907 581 3940 ease
595 3893 702 3954 graium
719 3896 743 3935 et
755 3902 768 3934 e
780 3903 806 3934 u.
855 3897 904 3936 tur.

298 3971 315 4024 i.
329 3991 350 4023 e.
363 3991 428 4036 non,
439 3981 522 4022 ortum
531 3967 730 4034 esseiogmlum.
738 3960 807 4014 Fieri
890 3965 912 4016 5.
922 3962 1012 4014 Aliud
1020 3969 1116 4016 temera
1123 3960 1277 4035 Dialingrrit,
1289 3963 1370 4034 prius·

297 4049 469 4121 eiepotuiaae,
493 4043 623 4107 concedo,
641 4042 735 4094 lactum
756 4059 807 4093 ease
856 4058 932 4111 quam
954 4039 985 4092 ad
1008 4039 1197 4112 responsionem
1218 4037 1370 4108 objectionis

298 4126 353 4197 quie
367 4121 482 4200 praestet?
857 4117 973 4183 accedat,
992 4129 1020 4172 ut
1036 4117 1125 4172 doceat
1142 4137 1222 4189 parvo
1239 4116 1369 4168 interdum

331 4205 386 4258 XV.
404 4208 474 4260 Anu.
486 4201 588 4256 Medico
601 4213 685 4254 lamen
698 4211 721 4252 el
739 4215 808 4270 prae-
859 4215 951 4266 magna
963 4208 1090 4260 constare,
1105 4206 1180 4267 prout
1197 4213 1236 4248 res
1253 4206 1371 4264 lempna·
