2976 4950
428 489 525 558 LlB.
550 488 633 574 111,
659 489 769 556 CAP.
795 490 880 557 Vll.
1111 489 1192 582 ‘⁴¹7

122 619 227 687 luisse
251 645 259 686 2
280 619 360 711 quia
377 615 539 688 adversus
552 617 755 688 maleficium
769 643 869 688 omne
884 616 1116 686 consensimus
1130 647 1140 704 ς
1158 634 1195 686 et

123 734 318 818 homicidii,
334 735 514 816 veneficii,
535 734 734 828 parricidii,
751 737 951 806 violatorum
968 733 1192 828 religionum,

124 849 231 918 aliubi
245 865 346 941 atque
363 848 470 916 aliubi
488 849 622 918 diverso
638 872 739 943 poena
754 865 829 931 est,
850 849 910 917 sed
922 848 1051 939 ubique
1065 848 1192 940 aliqua.

124 969 201 1034 Hoc
218 966 526 1059 frequentissimum
543 966 672 1033 crimen
692 990 857 1058 nusquam
877 967 1045 1058 punitur,
1066 964 1196 1057 ubique

126 1083 338 1177 improbatur
355 1109 362 1150 :
378 1105 490 1175 neque
504 1081 708 1152 absolvimus
723 1079 830 1180 illud};
845 1083 905 1152 sed
920 1105 1025 1174 quum
1046 1080 1197 1149 difficilis

112 1173 216 1266 'esset
233 1199 370 1267 incertae
387 1198 438 1266 rei
457 1199 652 1280 aestimutio,
675 1214 805 1266 tantum
821 1197 898 1266 odio
914 1202 922 1232 ¹
938 1196 1196 1280 damnavimus,

127 1328 164 1380 et
182 1314 273 1414 inter
289 1337 329 1382 cs
348 1309 573 1405 reliquimus,
590 1337 665 1405 qum
681 1311 724 1379 sd
735 1311 870 1404 judices
888 1308 969 1379 deos
982 1312 1158 1379 mittimus.

177 1430 251 1496 vn.
279 1428 441 1496 Rationes
460 1443 572 1496 sutem
593 1427 704 1496 multae
726 1428 812 1496 mihi
831 1441 1035 1512 occurrunt,
1061 1442 1202 1519 propter

127 1570 213 1638 quas
234 1547 364 1614 crimen
385 1545 450 1612 hoc
473 1545 509 1610 in
529 1544 640 1637 legem
660 1542 782 1613 cudere
804 1568 873 1612 non
893 1542 1026 1612 debeat.
1048 1545 1202 1613 Primum

128 1665 300 1749 omnium,
333 1685 412 1756 pars
436 1660 563 1754 optima
588 1660 748 1730 beneficii
770 1663 900 1754 periit,
927 1661 955 1728 si
980 1661 1089 1742 actio,
1114 1663 1202 1730 sicut

126 1795 228 1848 certae
245 1780 442 1872 pecuniae²,
459 1791 518 1845 aut
535 1800 575 1844 cx
588 1775 755 1846 conducto
778 1792 813 1844 ct
834 1776 964 1857 locato,
994 1774 1107 1845 datur.
1129 1780 1204 1846 Hoc

128 1897 221 1964 enim
240 1895 276 1963 in
293 1893 351 1962 illo
366 1893 646 1987 speciosissimum
667 1908 741 1975 est,
766 1891 857 1983 quod
878 1891 1034 1961 dedimus
1051 1893 1106 1962 vel
1122 1917 1205 1994 pcr-

129 2013 235 2082 dituri
253 2041 263 2098 3
278 2009 371 2103 quod
390 2026 498 2078 totum
512 2010 726 2102 permisimus
739 2010 977 2102 accipientium
993 2010 1148 2077 arbitrio.
1169 2011 1204 2079 Si

128 2117 296 2220 appello³,
310 2127 339 2194 si
353 2122 398 2193 ud
407 2123 561 2217 judicem
573 2147 671 2208 voco,
685 2126 806 2218 incipit
817 2149 887 2194 nou
895 2125 1102 2194 heneficium
1115 2147 1202 2210 esse,

87 2227 97 2238 ¹
131 2242 192 2314 sed
206 2239 386 2311 creditum.
405 2239 539 2310 Deinde
553 2265 658 2332 quum
673 2265 729 2310 res
741 2241 977 2312 honestissima
991 2242 1056 2324 sit,
1076 2243 1205 2310 referre

130 2359 274 2450 gretiam
285 2407 296 2443 ,
308 2357 516 2426 desinitesse
525 2357 667 2424 honesto
678 2406 690 2443 ,
702 2357 731 2424 si
740 2357 932 2426 necessaris
944 2372 1018 2456 est3
1033 2359 1206 2426 nonenim

132 2475 241 2566 magis
263 2472 415 2542 laudabit
432 2474 611 2564 quisquam
634 2488 766 2565 gratum
786 2473 981 2557 hominem,
1004 2497 1105 2564 quam
1128 2499 1207 2542 eum

131 2589 194 2680 qui
208 2586 396 2679 depositum
411 2585 584 2671 reddidit,
604 2600 684 2669 aut,
708 2582 801 2677 quod
820 2584 987 2669 debebat,
1013 2587 1098 2654 citra
1112 2587 1208 2680 judi-

134 2696 231 2772 cem‘
251 2703 363 2772 solvit.
388 2704 439 2772 Ita
463 2701 547 2771 duas
568 2726 645 2786 res,
667 2702 792 2795 quihus
810 2703 847 2771 in
864 2703 933 2771 vita
950 2704 1098 2772 humana
1118 2705 1208 2774 nihil

135 2926 237 2980 nullum
259 2927 288 2979 in
306 2925 367 2980 orbe
389 2939 512 2981 terrsmm
538 2924 648 2980 tribunal
695 2924 1209 2999 injusaliquisnpiatur.'l'ertiuquodsc·

135 3019 182 3066 est,
194 3006 280 3058 nullus
290 3005 374 3077 judex,
386 3015 443 3058 ante
453 3023 527 3076 quem
537 3003 590 3056 sisti
601 3003 649 3056 eli-
690 3004 796 3057 'tionum
802 3004 898 3056 nimius
905 3023 1025 3056 numerus
1032 3005 1102 3056 foret.
1112 3003 1210 3071 Querte

137 3085 195 3155 quis
208 3104 239 3137 eo
248 3085 355 3138 nomine
366 3083 443 3158 possit
449 3120 457 3149 ,
469 3081 539 3154 quod
550 3083 650 3134 imme·-
698 3081 803 3134 demum
812 3083 880 3154 qood
890 3081 1016 3134 infinitum
1027 3079 1209 3154 propemodum

136 3183 195 3216 mor
205 3162 324 3216 beneficii
335 3161 419 3216 luerit.
582 3187 598 3202 ··
698 3159 827 3214 licentiam
843 3157 969 3229 judicibus
985 3159 1155 3230 permitteret,
1165 3158 1211 3228 qui

175 3259 195 3294 ι.
215 3243 286 3294 Odia
306 3243 503 3296 damnavimus.
524 3240 652 3306 Odimns;
698 3238 810 3310 jamnon
821 3248 873 3288 tum
885 3236 1063 3308 judicesqnam
1073 3237 1159 3290 arbitri
1169 3235 1212 3288 lie·

137 3321 194 3375 lraec
212 3320 252 3373 illi
272 3317 325 3372 sols
342 3338 416 3392 poene
436 3339 512 3390 quem
530 3319 584 3389 jure
605 3337 651 3370 suo
699 3326 756 3366 rent
767 3351 775 3380 ,
786 3311 819 3364 ob
830 3313 916 3385 legum
930 3311 1069 3366 absentium
1080 3327 1104 3366 ct
1114 3313 1212 3368 henefi-

138 3409 244 3471 possunt
262 3397 363 3470 ingrato
382 3396 498 3471 infligere
517 3395 651 3460 hominen
701 3389 734 3442 til
744 3409 833 3464 pamm
847 3389 975 3462 cognitam
987 3403 1111 3443 naturum.

137 3477 193 3528 sole
206 3475 310 3528 infamis
321 3495 397 3547 quem
409 3475 509 3528 inurere
527 3485 570 3527 est.
735 3491 759 3522 2.
768 3468 842 3522 Sicut
851 3478 925 3522 certoe
932 3471 1053 3537 μιαιηία.
1063 3471 1093 3522 lu
1103 3469 1212 3543 stipula-

172 3554 232 3606 vll.
242 3557 313 3608 Anu.
328 3554 449 3606 Rationes
461 3565 574 3624 quatuor
594 3571 653 3604 enu·
701 3548 770 3601 tione
777 3560 820 3599 unt
830 3545 979 3620 syngrapha·
987 3567 1120 3618 expresse,
1135 3568 1211 3619 quam

140 3643 220 3684 ruerat
231 3650 275 3683 cur
285 3631 356 3684 nulla
367 3631 486 3684 adversus
496 3630 653 3703 ingrstosse·
702 3645 792 3697 nempe
799 3623 890 3695 aliquis
900 3625 1010 3676 mutuari
1024 3625 1136 3698 cupienti
1145 3647 1213 3679 com·
1328 3657 1333 3667 ·

140 3712 177 3764 tio
185 3711 414 3764 essesoleetl‘rims
424 3710 552 3782 quodhaec
561 3708 654 3763 benefi-
702 3702 968 3776 modevit.Suppleud.
978 3707 1055 3769 aelio,
1063 3703 1131 3774 quod
1138 3705 1213 3778 paulo

140 3791 174 3844 eii
182 3803 271 3842 ustura
280 3791 468 3855 sicutnbitrio
476 3789 655 3864 accipientium
704 3781 826 3853 tuperlm·

140 3867 306 3941 permittatur,
315 3887 397 3938 neque
407 3868 457 3938 jam
470 3866 497 3920 id
503 3867 655 3921 beneficium
738 3858 802 3911 &Si
809 3860 920 3928 appello.
929 3859 1214 3931 l·e·slll¹gltottposco

140 3947 195 3998 lore
207 3943 228 3995 si
241 3944 273 3996 ob
289 3945 394 4018 gratiam
408 3964 461 3999 non
473 3945 578 3998 relatam
590 3945 654 3998 aetio
705 3935 822 4009 privatim
832 3971 840 4001 ,
850 3935 943 3988 deinde
956 3935 987 3988 ad
1001 3933 1130 4008 judicem,
1145 3937 1215 4006 qnod

141 4021 192 4083 sit,
210 4019 254 4071 sed
278 4021 410 4075 creditum.
431 4021 564 4086 Secunda,
586 4020 655 4092 quod
704 4018 825 4088 sequitur.

142 4098 236 4151 desinit
249 4119 287 4151 res
304 4098 410 4154 honesta
426 4119 478 4152 esse
496 4098 654 4171 gratissimi
740 4097 764 4159 4.
777 4094 850 4146 Citra
856 4094 1012 4161 judicemll.
1020 4114 1042 4145 e.
1050 4093 1105 4146 sine
1114 4093 1197 4166 judice
1212 4117 1220 4160 ς

142 4173 311 4248 significatio,
330 4177 351 4228 si
363 4177 501 4230 necessaria
513 4175 556 4228 fiat
566 4197 573 4239 ;
585 4173 655 4245 atqui
705 4184 839 4242 autequam
852 4171 883 4222 ed
895 4172 985 4243 judicis
995 4172 1131 4244 legumque
1142 4174 1217 4226 auxi-

144 4251 209 4304 hanc
220 4253 385 4306 necessariam
393 4255 459 4314 lore,
468 4253 488 4304 si
498 4253 545 4306 bne
555 4251 654 4304 absente
707 4247 770 4300 lium
782 4249 939 4320 confugeres.

317 4349 362 4416 ll.
1049 4370 1091 4440 η
