2952 4938
338 488 436 555 nra.
462 486 557 575 un,
583 487 687 559 cir.
713 485 870 556 xxiv.
1079 485 1145 554 aas

76 615 170 716 qrmd
180 641 248 688 non
257 633 389 712 poterat
399 619 493 702 lieri,
511 619 596 689 dixit
610 645 618 686 ε
634 635 672 688 ut
686 617 886 688 crederetur
899 630 1064 708 quantum
1075 615 1148 710 plu·

79 738 204 805 rimum
222 748 349 827 posset.
365 737 408 802 Et
423 735 483 826 qui
496 733 583 804 dixit
589 781 600 822 ,

240 893 299 958 His
313 891 502 959 immobilior
516 897 665 982 scopulis,
681 895 844 960 violentior
858 915 948 958 amne
960 905 968 933 ¹
986 917 994 954 ε

80 1045 211 1116 nemini
224 1043 290 1114 hoc
303 1043 442 1137 quidem
455 1067 491 1112 se
505 1067 745 1140 persuasurum
755 1043 902 1138 putavit,
916 1041 1065 1134 aliquem
1082 1055 1149 1132 tam
1161 1073 1190 1114 ,ι

77 1160 288 1230 immobilem
302 1183 393 1242 esse,
410 1183 512 1254 quam
526 1157 913 1254 scopulumsNunquam
932 1173 1060 1226 tantum
1070 1179 1151 1250 spe-

78 1293 132 1344 rat
144 1273 346 1370 hyperbole,
360 1290 524 1368 quantum
534 1274 652 1344 audet²
671 1273 753 1344 :sed
762 1272 978 1344 incredibilia
986 1271 1147 1354 affirmat,

81 1407 122 1459 ut
139 1390 184 1460 ad
204 1371 383 1459 credibilia
406 1393 593 1483 perveniat.
611 1389 728 1484 Quum
746 1389 890 1459 dicimus
900 1440 911 1475 ,
929 1388 1000 1482 Qui
1015 1389 1150 1456 benefi-

82 1507 175 1574 cium
187 1502 300 1586 dedit,
313 1503 549 1572 obliviscatur:
562 1504 628 1573 hoc
637 1504 804 1589 dicimus,
820 1503 939 1573 similis
947 1504 992 1572 sit
1005 1495 1148 1570 ³oblito:

80 1629 246 1696 memoria
258 1628 332 1720 ejus
350 1650 419 1699 non
439 1642 622 1722 appareat,
640 1651 705 1698 nec
721 1617 908 1698 incunat⁴.
927 1624 1044 1719 Quum
1063 1624 1149 1694 dici·
1177 1642 1194 1695 3

81 1767 178 1826 mus,
198 1742 403 1813 beneficium
419 1743 610 1836 repetition
628 1757 804 1838 oportere,
825 1765 895 1810 non
908 1764 949 1809 ex
966 1755 1035 1809 toto
1049 1763 1151 1836 repe-

78 1861 235 1928 titionem
253 1858 423 1928 tollimus:
444 1883 533 1954 saepe
557 1861 649 1927 enim
675 1882 760 1952 opus
782 1873 833 1926 est
858 1856 954 1925 malis
971 1873 1149 1938 exactore,

83 1976 187 2043 etiam
206 1974 306 2043 bonis
321 1973 564 2044 admonitione.
582 1974 678 2068 Quid
696 1975 806 2070 ergo?
824 1973 1033 2044 occasionem
1050 1975 1152 2066 igno·

85 2091 178 2158 ranti
196 2115 266 2159 non
283 2090 708 2161 ostendamlnecessitates
723 2090 773 2158 illi
787 2114 878 2160 meas
892 2113 962 2193 non
976 2086 1156 2183 detegam?

79 2223 189 2300 quare
207 2207 356 2276 nescisse
371 2231 408 2276 se
425 2225 484 2278 aut
501 2209 701 2292 mentiatur,
719 2223 779 2276 aut
795 2207 907 2276 doleat
919 2206 1158 2300 {interveniat

83 2321 270 2415 aliquando
293 2322 499 2406 admonitio,
522 2322 584 2393 sed
603 2321 796 2392 verecunda
803 2374 815 2409 ,
835 2347 910 2415 quae
931 2345 1001 2390 non
1017 2337 1152 2415 poscat,

82 2459 151 2504 neo
169 2437 206 2504 in
220 2437 279 2529 jue
294 2452 404 2508 vocet.

130 2552 262 2624 XXIV.
279 2551 434 2624 Socrates
447 2554 566 2623 amicis
578 2545 831 2641 audientibns⁵‚
841 2553 1018 2642 Emissem,
1028 2553 1153 2646 inquit,

79 2753 158 2796 nocte
168 2741 324 2812 nigriorem,
336 2740 461 2808 Grarnla,
471 2741 541 2816 pice,
553 2761 598 2794 oo·
647 2741 752 2800 Galatea
770 2741 869 2816 lignani
884 2777 892 2806 ,
916 2741 1047 2798 Floridior
1065 2754 1136 2816 prato
1148 2781 1156 2808 ,

82 2835 143 2874 ctua
160 2819 256 2874 cicada.
268 2841 282 2870 a
296 2819 424 2875 Curram
434 2820 462 2878 ia
473 2819 597 2874 versiculo
645 2820 723 2892 longa
734 2820 861 2894 procerior
870 2819 939 2886 aino,
946 2820 1046 2877 Levior
1057 2821 1160 2880 assiduo,

81 2897 229 2971 Virgilium
242 2897 372 2952 commatis
385 2898 469 2952 locum
483 2898 599 2952 muuvi-
646 2897 743 2952 detritis
751 2917 853 2968 equore
866 2897 978 2953 conchis.
989 2917 1004 2946 a

80 2995 141 3030 mas
154 2988 179 3028 et
190 2973 221 3044 a}
231 2979 359 3030 anteirent
372 2975 528 3049 pospositum
539 2987 598 3032 aute
681 2996 703 3028 a.
714 2976 885 3046 Nunquam...
897 2977 983 3028 audet.
995 2975 1054 3028 Non
1067 2975 1095 3030 id
1105 2997 1160 3030 cre-⁴

82 3051 275 3109 collocavimus.
291 3053 407 3124 Namque
428 3055 557 3106 anuireni
571 3051 598 3110 b.
647 3053 761 3115 dendum
770 3053 949 3126 esaepntatqui
960 3051 1097 3126 hyperbola
1107 3055 1160 3108 uti-

81 3129 102 3184 Ι.
118 3128 246 3202 duplicem
257 3149 359 3183 senmm
370 3129 455 3196 babet,
465 3128 534 3184 hana
544 3147 599 3201 pro·
648 3142 700 3192 tur.
721 3129 791 3200 qood
809 3148 883 3184 ausus
901 3142 938 3182 est
953 3130 1051 3197 dicere,
1068 3133 1112 3186 sed
1132 3133 1161 3186 id

81 3206 170 3279 prium
179 3206 497 3274 et,utaiunt,literalem,
507 3225 600 3279 nempe
648 3207 718 3278 quod
739 3207 866 3280 intelligit.
889 3207 1044 3280 Hyperbolae
1068 3210 1161 3262 Noster

83 3303 144 3337 cun
157 3289 189 3336 τῶ
200 3287 320 3338 cursibus
337 3303 420 3338 ouras
434 3321 442 3348 ,
458 3284 527 3340 bunc
538 3304 600 3338 vero
649 3305 782 3362 personum
798 3287 848 3337 dat.

82 3361 265 3418 secundarium
285 3375 310 3414 et
330 3363 481 3432 μιταφοριιόν
494 3382 553 3416 cum
568 3367 601 3423 eei
657 3361 1162 3436 ,35imiliseitobblo·1)urepreecepta
1226 3405 1235 3424 .

82 3444 198 3495 candore
207 3445 286 3494 nives·
297 3442 367 3514 Er50
380 3441 472 3493 melius
481 3440 546 3504 fuit,
559 3440 601 3496 itt-
651 3439 684 3496 in
693 3440 773 3494 lenire
786 3441 867 3494 Stoici
877 3439 1039 3514 cogebantur.

83 3530 153 3572 serto
164 3519 270 3572 interea
278 3521 348 3586 nives
360 3530 385 3570 et
395 3520 521 3570 anteirent
529 3537 601 3570 coma
683 3519 708 3584 4.
720 3519 845 3572 Incurrat
854 3519 882 3572 in
894 3517 988 3571 oculos.

84 3610 154 3650 mate
162 3634 169 3661 ,
177 3595 243 3648 illud
254 3595 361 3649 verbum
371 3595 402 3648 ab
414 3595 464 3648 boc
473 3613 600 3666 separare,
682 3597 778 3650 xxiv.
792 3599 861 3652 Aac.
874 3595 968 3650 Probat
977 3596 1091 3668 exemplo
1107 3597 1162 3652 So-

85 3675 131 3739 cui
141 3695 193 3727 non
204 3673 325 3744 convenit
337 3673 387 3726 uisi
396 3677 599 3741 mrbpeeepepeis.
649 3677 731 3738 cratis.

122 3748 601 3821 12thuidixit‚llisimmobilion...
685 3753 1161 3819 5.Socmresamicfsaudiemibus‚eut

85 3829 216 3884 amne.1d
229 3828 292 3880 dixit
303 3829 380 3898 modo
391 3827 526 3900 exscriptus
533 3828 603 3882 Naso
652 3831 717 3898 Qua
728 3831 818 3884 Noster
828 3831 870 3884 bic
883 3845 968 3885 narrat
988 3831 1020 3884 de
1036 3832 1141 3886 Socrate
1153 3868 1162 3900 ,

85 3907 116 3960 in
134 3907 191 3960 loco
208 3906 312 3961 laudato
325 3907 449 3972 (Metam.
461 3903 506 3956 lib.
517 3906 582 3958 Xlll
593 3945 601 3974 ,
651 3928 811 3980 nequaquam
822 3911 978 3964 conveniunt
989 3929 1048 3968 cum
1057 3909 1095 3976 iis,
1105 3928 1165 3980 quie

86 3984 140 4037 sab.
159 3999 235 4048 xxu,
255 4004 291 4036 vs.
310 3986 385 4052 801).
401 3985 500 4054 Quoia
516 3985 603 4038 sabula
651 3988 718 4060 apud
728 3988 924 4060 Xenophontem
937 4003 962 4041 et
973 3987 1107 4042 Platonem
1120 4006 1163 4042 oc·

87 4061 177 4116 multa
183 4061 278 4114 similes
290 4062 487 4136 comparationes
505 4083 603 4135 conge-
651 4079 783 4132 corrrunt,
794 4079 819 4120 at
833 4077 902 4139 patre
913 4065 1081 4141 philosophiae
1096 4083 1164 4118 vera

86 4153 250 4213 staesuntper
261 4139 386 4196 sexdecim
398 4161 483 4193 versus
492 4161 601 4212 quorum
650 4143 1162 4216 indignasuirtlniniicoejusrtristoreno¹

87 4220 117 4272 bi
132 4220 247 4294 priores:
264 4243 277 4268 a
292 4221 435 4276 Candidior
450 4220 513 4276 lolio
531 4221 602 4276 nivei
652 4221 752 4276 Sotioni
760 4221 825 4296 apud
834 4222 912 4296 Diog.
920 4225 1001 4277 hert.
1012 4223 1166 4292 li,74aliiaa
