2990 4942
506 407 678 474 CAPUT
705 403 831 472 XVII.
1137 433 1193 476 tor

128 541 310 632 profuturo
323 561 469 606 maerore
483 539 657 619 consumi,
675 511 709 603 et
723 534 912 627 exemplum
928 534 991 602 tibi
1005 559 1123 621 suum,
1140 561 1201 605 cu·

129 661 182 748 jus
196 680 261 748 ego
274 658 375 724 etiam
389 637 556 748 spectator
570 655 619 722 fui
634 659 659 738 ¹,
676 652 841 722 narrabit.
858 653 1076 721 Carissimum
1089 655 1201 722 virum

130 775 309 854 amiserat,
336 771 538 840 avunculum
564 784 718 838 nostrum
730 819 741 854 ,
761 771 817 836 cui
837 769 934 863 virgo
957 787 1139 864 nupserat,
1166 773 1201 838 in

132 892 205 981 ipsa
220 885 440 980 'navigatione
455 914 462 952 ι
480 885 558 953 tulit
570 902 684 953 tamen
698 881 815 953 codem
835 903 985 979 tempore
999 900 1032 953 et
1049 886 1198 970 luctum,

132 1016 166 1068 et
174 1019 300 1068 metum
312 1051 324 1085 ‚
336 1001 522 1092 evictisque
533 999 787 1092 tempestatibus
797 1023 920 1092 corpus
930 999 961 1091 ej
966 1004 1024 1067 us¹
1038 1001 1202 1094 naufraga

130 1121 257 1187 evexit.
273 1119 420 1210 Oquam
437 1118 617 1186 multarum
638 1117 778 1210 egregia
800 1141 902 1208 opera
923 1119 960 1184 in
984 1118 1127 1186 obscuro
1145 1119 1202 1210 ja-

131 1231 227 1302 cent!
246 1235 282 1303 si
296 1233 378 1301 huic
392 1234 450 1302 illa
468 1233 607 1326 simplex
621 1227 830 1301 admirandis
844 1232 1028 1301 virtutibus
1042 1235 1209 1327 contigis-¹

131 1366 183 1417 set
194 1341 402 1441 antiquitas³
421 1401 430 1432 ‚
447 1365 573 1442 quanto
586 1351 802 1443 ingeniorum
816 1351 1000 1418 certamine
1014 1349 1204 1418 celebrare·

132 1480 294 1548 turuxor,
307 1488 382 1556 quae
393 1463 497 1531 oblita
506 1463 764 1548 imbecillitatis,
775 1463 880 1532 oblita
891 1465 995 1534 etiam
1003 1463 1204 1531 firmissimis

133 1579 308 1647 metuendi
327 1582 430 1648 maris
445 1575 482 1663 ⁴,
510 1596 612 1673 caput
636 1604 733 1647 suum
757 1579 918 1672 periculis
941 1603 1004 1670 pro
1031 1557 1204 1671 sepultura

130 1695 279 1787 objecit,
296 1712 330 1763 et
343 1695 424 1764 dum
441 1697 568 1789 cogitat
587 1695 630 1762 de
650 1697 717 1763 viri
738 1695 879 1777 funere,
905 1696 994 1763 nihil
1011 1696 1054 1763 de
1074 1718 1135 1764 suo
1158 1681 1203 1762 ti-

131 1811 218 1877 muit
231 1813 247 1876 l
260 1810 466 1878 Nobilitatur
476 1802 488 1843 ⁵
499 1810 707 1878 carminibus
719 1811 892 1894 omnium,
907 1833 983 1902 quae
997 1833 1033 1876 se
1047 1833 1109 1903 pro
1124 1833 1205 1878 con-
1229 1816 1245 1880 l

125 1927 214 2020 juge
236 1929 398 1994 vicariam
421 1924 537 2011 dedit,
563 1928 627 2004 hoc
651 1927 796 2020 amplius
817 1944 889 2012 est,
907 1927 1104 1996 discrimine
1126 1905 1204 1995 vitae

130 2044 326 2136 sepulcrum
347 2046 421 2111 viro
440 2067 593 2134 quaerere
610 2071 618 2110 :
634 2045 740 2136 major
755 2061 805 2114 est
817 2069 924 2126 amor,
942 2047 1001 2136 qui
1017 2048 1092 2139 pari
1109 2048 1203 2138 peri-

131 2160 212 2226 culo
230 2163 340 2227 minus
361 2158 497 2226 redimit
511 2157 538 2226 ⁶.
560 2163 639 2228 Post
656 2161 720 2256 boc
736 2185 835 2229 nemo
852 2165 1008 2246 miratur,
1031 2161 1124 2253 quod
1144 2143 1207 2260 per

132 2265 282 2345 sedecim
302 2300 429 2360 annos,
447 2275 572 2368 quibus
590 2279 729 2345 maritus
745 2279 819 2370 ejus
833 2281 1016 2373 AEgyptum
1034 2265 1200 2363 obtinuit,

134 2417 310 2486 nunquam
321 2396 357 2461 in
368 2395 507 2487 publico
517 2412 695 2488 conspecta
708 2412 771 2482 est,
782 2399 950 2464 nemiuem
962 2398 1206 2490 provincialem

173 2649 194 2681 ι.
210 2630 289 2696 Cujus
305 2649 351 2698 ego
363 2632 445 2680 etiam
459 2629 647 2700 spectatorsui.
695 2649 724 2682 se
735 2633 858 2693 dantem)
873 2643 924 2681 uta
939 2629 1050 2693 Graecis,
1064 2649 1085 2680 e.
1099 2649 1120 2681 c.
1133 2629 1206 2681 Euri·

135 2708 216 2763 Haud
234 2707 310 2762 dubie
331 2708 358 2759 in
376 2707 548 2780 navigatione,
564 2709 592 2759 in
612 2728 647 2760 re·
696 2708 769 2781 pide,
779 2708 890 2761 dramate
902 2706 1075 2774 nobilissimo,
1086 2707 1155 2776 quod
1165 2727 1207 2760 au-

136 2787 193 2840 ditu
216 2807 244 2838 ea
264 2787 395 2859 AEgypto,
410 2805 485 2855 quam
506 2785 601 2837 adierat
623 2799 649 2838 ut
697 2800 792 2860 pereat,
813 2799 837 2838 et
854 2806 869 2838 a
886 2787 1025 2848 Romanis,
1046 2805 1067 2836 e.
1089 2806 1109 2837 c.
1127 2785 1204 2839 ovid.

136 2864 295 2918 avunculum
309 2883 382 2917 anum
395 2901 401 2918 .
421 2865 567 2935 prefectum
587 2863 647 2916 huic
697 2863 878 2928 ('l'rist.lib.V,
890 2864 1148 2929 el.14‚rs.37;l’ont.
1161 2864 1204 2917 lib.

132 2943 236 3016 regioni
249 2942 402 2995 conveniret.
696 2942 744 3005 Ill,
756 2942 788 2995 el.
800 2963 821 3006 r,
833 2962 868 2994 vs.
880 2942 949 3007 rofi),
961 2942 1117 2994 carminibus
1134 2943 1205 2995 nobi-

169 3043 195 3074 a.
216 3019 368 3088 Norrsraga.
385 3018 414 3069 ld
437 3032 489 3081 eat,
510 3016 643 3089 naufragio
693 3017 798 3070 litatum.
813 3021 903 3070 Narrat
915 3032 939 3070 et
956 3020 1105 3091 Apollodor.
1123 3020 1166 3072 lib.
1185 3025 1203 3080 l,

132 3100 267 3172 proxim,
285 3098 375 3170 quippe
388 3097 459 3168 cujus
471 3095 542 3147 navia
559 3115 644 3147 exue*
693 3115 725 3167 9,
742 3099 778 3150 15.
789 3097 1025 3150 Fabulanotissima
1036 3113 1082 3163 est,
1095 3113 1118 3151 et
1130 3099 1161 3150 ab
1169 3100 1205 3151 in·

133 3189 213 3229 mata
228 3174 308 3245 (§fi)
315 3213 322 3240 ,
336 3174 352 3225 i.
370 3193 392 3225 e.
411 3173 572 3225 armamentis
582 3193 643 3246 'spo-
692 3173 869 3245 geniosissimo
899 3187 971 3248 poeta
992 3189 1099 3229 nostrate
1121 3178 1205 3232 Dour

134 3254 198 3306 lia'ta
211 3293 218 3319 ,
230 3252 363 3305 serebatur.
693 3251 783 3304 eximie
800 3265 903 3306 tractata
921 3255 948 3305 in
968 3255 1016 3306 boc
1034 3257 1146 3309 dramate
1164 3259 1204 3310 eui

168 3330 193 3382 3.
203 3329 238 3381 sa·
247 3328 307 3381 hnic
317 3331 365 3380 illa
367 3363 432 3380 ........
447 3329 600 3394 antiquitus.
615 3328 645 3379 si
695 3349 789 3382 nomen
804 3332 907 3400 OEdipe
917 3333 976 3385 chet
990 3335 1118 3401 Admete3
1128 3357 1206 3407 quan·

135 3425 193 3462 eam
204 3407 350 3460 felicitatem
356 3406 483 3458 habuisset
490 3419 518 3457 ut
528 3405 645 3476 antiquo-
695 3427 769 3478 quam
783 3409 823 3463 bic
841 3413 930 3463 merito
948 3413 1053 3482 quidam
1066 3417 1161 3468 auctori
1178 3417 1206 3468 id

134 3505 194 3538 man
211 3485 363 3558 temporibus
380 3484 492 3547 viveret,
511 3501 589 3554 quum
609 3495 645 3536 tot
694 3487 1205 3559 objiciant,quodlabulasduasinunum

135 3563 252 3633 nudique
263 3563 377 3626 vinctas,
387 3577 416 3616 ut
425 3562 546 3616 modestae
554 3562 644 3614 etaim·
695 3583 755 3637 opus
768 3567 924 3639 conjunxerit
939 3608 946 3634 ,
957 3588 1047 3641 nempe
1065 3570 1206 3644 OEdipodis

135 3641 216 3712 plicet
237 3641 424 3692 efflorescebant
436 3677 444 3705 ,
467 3641 503 3692 sie
523 3640 644 3693 candidos
693 3655 799 3695 mortem
823 3659 847 3696 et
870 3644 1003 3698 Alcestidis
1022 3642 1205 3702 fortitudinem.

134 3719 270 3770 miratores
281 3718 497 3771 nanciscebantur.
693 3719 807 3772 Imitatus
830 3735 865 3773 est
884 3743 985 3793 quoque
1009 3743 1103 3776 unuse
1128 3728 1206 3797 poetis

169 3797 193 3861 4.
213 3793 390 3848 Finnissimis
403 3797 536 3849 metuendi
553 3801 644 3850 marr's.
693 3817 756 3869 quoa
765 3799 822 3850 tulit
834 3799 971 3854 Germania
979 3801 1204 3875 prestantissimis,

134 3872 341 3926 Formidandum
360 3873 434 3926 etiam
455 3892 561 3928 summae
585 3894 644 3926 eon·
698 3875 745 3928 W
743 3881 839 3931 lelund.

134 3949 236 4005 stantia
248 3950 308 4002 viria
321 3971 398 4003 mare.
727 3955 751 4010 6·
760 3957 891 4024 Major.....
903 3961 1014 4012 redimit
1024 3960 1206 4021 vehementior

169 4031 193 4081 5.
205 4028 377 4082 Nobilitatur·
389 4027 500 4080 Alcestin
513 4029 589 4094 dicit,
600 4030 644 4083 Pe·
695 4034 738 4087 ille
756 4046 793 4086 eat
805 4053 877 4088 amor
893 4036 937 4106 qui
956 4057 1001 4108 pro
1018 4058 1044 4089 re
1061 4037 1168 4092 minima
1183 4054 1207 4094 et

135 4103 179 4160 lie
189 4105 280 4174 filiam,
293 4106 351 4159 loco
360 4106 461 4159 Admeti
473 4107 557 4160 mariti
569 4109 644 4161 morti
695 4111 820 4164 levissima
832 4113 1006 4167 maximissese
1018 4116 1136 4188 periculis
1144 4119 1207 4191 obji-

134 4181 644 4256 aeobjicientem(procoojugevirariam
696 4189 1206 4266 cit:amatillaprecnldubioquae,utvi·
1300 4225 1307 4240 ν
