2952 4938
306 441 373 510 ass
638 435 706 502 uu
731 419 1039 506 sunericus

305 544 468 653 lersbilc,
489 584 524 634 et
537 566 629 660 quod
646 566 805 636 dissociet
819 569 1007 650 homiues¹‚
1025 567 1117 660 quod
1133 570 1370 650 concordiam,
1468 591 1469 596 ¹

305 709 371 776 qua
390 683 603 752 imbecillitas
625 699 737 752 nostra
755 683 908 766 fulcitur,
931 682 1063 752 scindat
1076 710 1117 754 sc
1130 685 1276 779 dissipet
1294 715 1301 753 :
1320 691 1375 756 sed

304 825 413 893 usque
434 825 474 868 eo
491 799 632 894 vulgare
650 815 720 882 est,
741 815 780 868 ut
798 797 886 868 illud
905 823 970 868 uec
985 801 1043 892 qui
1059 803 1217 894 queritur
1238 802 1376 895 quidem

305 919 475 1012 effugerit.

354 1033 514 1134 xxvtlt.
544 1033 665 1125 Cogita
691 1046 821 1116 tecum,
846 1057 890 1102 au
916 1031 1188 1127 quibuscumque
1202 1036 1373 1116 debuisti,

307 1152 450 1244 gratiam
467 1147 648 1230 retuleris,
672 1171 716 1216 an
740 1148 870 1217 nullum
890 1173 1040 1242 uuquam
1053 1139 1156 1244 ‘apud
1177 1167 1212 1220 te
1236 1155 1378 1246 perierit

305 1265 475 1347 officium,
489 1288 533 1332 an
545 1265 695 1333 omnium
707 1280 740 1332 te
750 1262 994 1334 beneficiorum
1007 1268 1168 1334 memoria
1179 1271 1374 1338 comitetur.

304 1382 535 1474 videbisque
549 1406 656 1475 puero
669 1381 746 1450 data
760 1397 839 1450 suut
850 1433 859 1462 ,
872 1398 950 1450 ante
962 1380 1224 1452 adolescentiam
1238 1386 1373 1478 elapsa:

306 1523 381 1592 qum
395 1501 432 1566 in
445 1500 605 1592 juvenem
620 1497 740 1566 collata
755 1513 852 1583 suut,
866 1521 939 1566 non
953 1497 1155 1592 perdurasse
1168 1502 1206 1568 iu
1218 1517 1377 1570 senectu-

306 1631 386 1683 tem.
408 1612 573 1707 Quaedam
590 1614 838 1708 perdidimus’,
858 1611 1013 1705 quosdam
1026 1614 1232 1708 projecimus
1243 1607 1273 1699 ³,
1289 1641 1377 1708 quae·
1470 1629 1471 1684 ζ

307 1726 384 1796 dam
397 1743 609 1821 aconspectu
623 1743 740 1796 nostro
752 1727 916 1821 paulatim
930 1723 1103 1796 exierunt⁵
1118 1755 1126 1793 τ
1141 1727 1376 1822 aquibusdam
1470 1763 1471 1806 ;

265 1875 280 1906 2
307 1845 421 1914 oculos
439 1846 635 1914 avertimus.
656 1845 703 1912 Ut
720 1867 874 1912 excusem
892 1842 955 1910 tibi
973 1843 1242 1912 imbecillitatem
1260 1861 1374 1926 tuam,
1470 1827 1471 1890 l

307 1960 463 2053 inprimis
477 1958 608 2052 fragilis
621 1973 672 2024 est
686 1959 847 2026 memoria
859 2008 868 2040 ,
887 1973 922 2025 et
936 1981 1051 2026 rerum
1065 1959 1174 2028 turbae
1187 1985 1260 2029 nou
1279 1961 1376 2028 suffi-

306 2077 352 2144 cit
364 2103 372 2144 :
386 2097 523 2144 necesse
536 2089 587 2142 est
597 2089 762 2166 quantum
774 2074 916 2168 recipit,
929 2075 1059 2142 emittet
1070 2124 1081 2160 ,
1093 2091 1128 2142 et
1140 2077 1376 2168 antiquissima

305 2191 547 2260 recentissimis
564 2189 698 2258 obruat.
716 2190 772 2258 Sic
787 2189 911 2257 factum
930 2204 1002 2274 est,
1016 2206 1055 2258 ut
1075 2192 1216 2260 minima
1232 2191 1329 2286 apud
1346 2209 1377 2259 te

304 2308 448 2376 nutricis
466 2323 554 2376 esset
569 2306 751 2374 auctoritas
774 2332 781 2370 :
805 2305 885 2395 quia
906 2303 1112 2376 beneficium
1140 2307 1216 2399 ejus
1242 2307 1377 2401 longius

304 2437 384 2494 aetes
398 2446 543 2514 sequeus
553 2414 710 2516 posuit⁵3
728 2423 778 2491 sic
794 2420 1005 2506 factumest,
1023 2437 1061 2490 ut
1076 2426 1303 2516 praceptoris
1315 2423 1376 2492 tibi
1470 2449 1471 2462 ¹

304 2563 373 2608 non
394 2554 482 2608 esset
500 2539 570 2606 ulls
587 2531 807 2622 veneratio⁶3
830 2538 879 2606 sic
898 2539 1033 2622 evenit,
1053 2556 1092 2606 ut
1110 2540 1201 2606 circs
1220 2540 1377 2608 consula-

304 2655 373 2722 ria⁷
386 2671 549 2747 occupato
560 2655 714 2734 comitia,
729 2669 788 2724 aut
798 2649 1078 2724 sacerdotiorum⁸
1090 2653 1274 2723 candidato
1289 2679 1378 2746 quec-

264 2781 280 2834 t
304 2770 631 2863 stu1ae⁹suliragator
641 2766 823 2838 excideret.
833 2771 989 2840 Fortasse
1000 2771 1139 2853 vitium,
1153 2768 1195 2838 de
1207 2794 1278 2862 quo
1290 2795 1377 2862 que-

304 2889 412 2969 reris,
427 2889 454 2954 ai
466 2904 500 2956 te
509 2887 694 2980 diligenter
708 2887 912 2967 excusseris,
928 2886 965 2952 in
978 2886 1057 2954 sinu
1068 2886 1234 2954 invenies.
1251 2889 1377 2978 Inique
1470 2935 1471 2988 ἐ

340 3123 424 3175 tEst
432 3124 505 3174 istud
503 3159 544 3174 .....
555 3124 676 3174 dissociet
688 3121 811 3172 homines·
894 3117 1069 3189 thoagio...
1082 3123 1209 3187 pensita
1222 3121 1377 3172 teremnrit.
1470 3113 1471 3116 Ἴ

304 3200 466 3254 Intolerabile
477 3219 538 3253 sane
549 3213 585 3252 est
595 3199 686 3252 vitium
700 3198 813 3270 ingratus
895 3197 919 3250 6.
932 3197 1127 3266 Pmteptort's...
1136 3198 1278 3250 mentio.
1291 3196 1332 3249 Ci.
1344 3197 1377 3250 ad

305 3281 412 3345 animus,
423 3292 447 3332 et
458 3279 594 3334 intersitis
605 3279 647 3330 vel
658 3289 758 3352 propter
765 3275 814 3329 boc
864 3275 903 3326 lll
914 3311 922 3338 ‚
937 3273 969 3340 3,
987 3278 1011 3325 2⁸.

305 3357 398 3410 eminet
405 3359 471 3428 quod
481 3356 692 3410 socialiavinculs
700 3353 815 3407 dissociet
898 3371 921 3419 7.
933 3351 970 3401 [lt
978 3353 1046 3404 circu
1054 3353 1217 3414 consularia,
1227 3363 1276 3402 cte.
1287 3351 1378 3418 Quum

304 3437 526 3506 necessitatemque
542 3435 631 3486 afferat
648 3431 814 3496 bominibus,
864 3429 898 3482 sis
908 3430 961 3500 ipse
972 3441 1080 3482 senator.
1092 3427 1158 3480 Nam
1172 3428 1258 3481 iudea
1270 3428 1378 3482 Tiberio

305 3535 368 3588 qnos
382 3516 411 3567 in
425 3533 506 3568 unnnt
517 3533 562 3566 sue
575 3511 734 3565 imbecillitas
744 3509 814 3561 rede·
863 3508 1022 3578 magistratus
1033 3525 1089 3559 non
1099 3525 1115 3557 s
1127 3503 1221 3578 populo
1232 3543 1240 3568 ‚
1252 3505 1299 3558 scd
1309 3525 1325 3557 a
1340 3525 1378 3557 se·

306 3607 383 3666 gerat,
393 3593 555 3646 solitudinem
565 3591 656 3644 iterum
669 3586 814 3660 requirendi
862 3597 997 3638 natarunt
1009 3583 1093 3637 creati.
1106 3585 1186 3636 Tacit.
1199 3584 1296 3635 Annal-
1307 3584 1329 3648 l,
1348 3589 1377 3636 15

306 3685 330 3724 et
341 3674 448 3724 feretum
461 3669 639 3741 ritudegendi.
862 3662 963 3716 comitis
982 3664 1036 3730 (so.
1052 3663 1085 3714 ad
1099 3660 1222 3714 mean-loa
1237 3661 1379 3734 magistre-

338 3748 580 3802 mutassis
592 3747 675 3820 ipsunt
683 3741 812 3797 noscendo
826 3795 835 3824 ι
861 3743 933 3806 tus),
945 3740 996 3804 sit,
1009 3761 1022 3791 e
1034 3759 1122 3810 campo
1136 3739 1165 3792 in
1176 3738 1275 3790 curiam
1287 3751 1379 3792 trans·-

305 3829 403 3884 fscilius
413 3829 476 3881 feres
485 3827 623 3898 ingratum.
861 3816 920 3869 lata.
933 3816 972 3869 Cf.
985 3816 1065 3870 Plinii
1075 3817 1122 3872 tit.
1131 3815 1169 3868 111
1178 3855 1186 3879 ,
1196 3815 1262 3888 Epp.
1273 3830 1371 3870 ctvnr.

338 3907 499 3977 a.Qnoedtam
505 3904 670 3971 perdidimus
676 3901 814 3954 oblivione.
896 3894 1199 3950 8.Saoerdottomm.ttss
1210 3893 1284 3946 enirn
1292 3913 1378 3946 nunna

338 3985 362 4034 3.
374 3985 551 4050 projecimus,
564 3981 631 4034 ultro
649 3977 775 4050 aspernati
789 3990 814 4028 et
864 3975 909 4028 nni
921 3987 1034 4028 tannim:
1045 3974 1118 4047 plura
1126 3972 1332 4026 cumulabantur.

306 4061 378 4113 obliti
391 4080 484 4113 sumus.
817 4093 820 4104 .
893 4069 918 4122 9.
933 4051 1094 4121 Quadratae,
1105 4064 1134 4104 ut
1149 4049 1340 4105 obliviscereris
1354 4063 1383 4102 te

340 4142 362 4204 4.
378 4137 522 4198 Exierunt,
533 4149 642 4209 tempore
655 4133 813 4188 sesubdnac·
862 4141 1012 4200 questuram
1035 4128 1156 4182 ambienti
1177 4127 1304 4201 tallagio
1331 4141 1381 4180 tun

306 4227 373 4268 runt.
863 4211 1012 4262 affirturttm.
