2990 4942
304 476 347 544 86
472 475 810 545 CONSOLATIO
834 473 900 544 AD
927 477 1178 552 HELVIAM.

302 629 359 672 sus
385 606 495 688 buno,
527 606 682 698 quisquis
704 631 757 674 me
782 606 944 676 malorum
971 608 1092 677 turba'
1119 609 1286 692 terrebit,
1313 611 1369 680 bis

261 743 277 774 ι
302 720 416 790 verbis
437 722 600 792 utendum
625 724 703 791 erit.
725 724 761 792 Si
776 739 893 792 contro
911 749 1014 794 unum
1031 725 1220 818 quamlibet
1234 745 1365 821 partem

304 834 446 904 fortunae
459 837 540 905 satis
556 834 618 904 tibi
635 837 767 905 roboris
778 852 849 918 est,
866 835 956 906 idem
968 837 1131 908 adversus
1145 864 1262 909 omnes
1274 843 1341 909 erit
1357 868 1363 908 :

302 977 407 1043 quum
426 952 529 1020 semel
543 953 693 1020 animum
711 953 819 1021 virtus
833 950 1025 1034 induravit,
1041 953 1194 1048 undique
1211 956 1368 1026 invulne-

303 1064 445 1132 rabilem
472 1081 620 1158 praestat.
649 1066 684 1134 si
712 1065 875 1134 avaritin¹
901 1064 1048 1150 dimisit,
1071 1068 1367 1138 vehementissima

304 1182 440 1274 generis
458 1182 597 1250 humani
612 1183 740 1276 pestis,
760 1205 887 1250 morum
907 1181 968 1250 tibi
986 1175 1146 1252 ambitio*
1168 1209 1237 1253 non
1252 1185 1364 1253 locist.

303 1299 338 1367 si
355 1298 510 1367 ultimum
530 1297 621 1368 diem
638 1323 708 1367 non
726 1299 823 1391 qussi
847 1321 1003 1392 pronam,
1034 1297 1094 1368 sed
1118 1304 1214 1394 quasi
1237 1318 1369 1370 naturm

304 1410 413 1505 legem
424 1411 585 1507 adspicis3
599 1437 640 1481 ex
652 1436 720 1506 quo
735 1428 873 1506 pectore
887 1414 1005 1482 mortis
1018 1431 1142 1482 metum
1157 1416 1318 1508 ejeoeris‚
1332 1417 1369 1482 in

264 1543 280 1592 3
306 1524 342 1593 id
353 1527 479 1594 nullius
495 1527 547 1594 rei
563 1527 663 1595 timor
675 1526 817 1595 audebit
833 1527 973 1595 intrare.
985 1529 1020 1596 Si
1030 1523 1176 1624 cogitss⁴
1191 1530 1368 1599 libidinem

305 1667 377 1710 non
391 1643 571 1738 voluptatis
584 1665 684 1711 causa
697 1641 832 1711 bomini
843 1641 953 1712 datum
967 1693 976 1728 ,
990 1643 1051 1712 sed
1063 1641 1295 1739 propagandi⁵
1311 1671 1372 1740 ge-

306 1761 417 1842 neris3
440 1784 539 1853 quem
560 1783 629 1827 non
645 1758 822 1829 violaverit
840 1759 906 1828 boc
922 1778 1088 1830 secretum
1107 1779 1143 1831 et
1162 1765 1300 1832 infixum
1319 1765 1372 1832 vi-

306 1875 458 1945 sceribus
481 1871 586 1970 ipsis⁶
605 1875 765 1956 exitium,
791 1875 900 1942 omnis
924 1876 991 1944 ulis
1014 1877 1183 1971 cupiditas
1207 1879 1370 1947 intactum

307 1991 507 2088 praeteribit.
537 1995 613 2062 Non
635 1991 770 2085 singula
788 1991 998 2074 vitiaretis,
1025 1992 1085 2060 sed
1108 1995 1238 2087 pariter
1258 1997 1372 2062 omnia

307 2112 521 2207 prosternit:
546 2111 583 2179 in
608 2111 803 2178 universum
825 2107 928 2176 semel
953 2110 1094 2177 vinciti.
1122 2112 1312 2204 Ignominia
1334 2129 1370 2177 tu

309 2243 406 2322 putus
423 2249 626 2321 quemqnam
644 2224 830 2316 sapientem
851 2225 976 2290 moveri
994 2249 1114 2318 posse,
1130 2229 1188 2318 qui
1210 2229 1322 2294 omnia
1337 2229 1372 2294 in

310 2365 346 2410 se
363 2341 531 2434 reposuit,
547 2341 607 2431 qui
619 2337 663 2405 ab
675 2335 892 2430 opinionibus
905 2335 999 2429 vulgi
1013 2340 1150 2406 secessit
1163 2339 1373 2407 PPlusotism

310 2481 412 2550 quum
432 2456 617 2550 ignominia
636 2469 688 2522 est
706 2475 795 2520 mors
810 2451 1044 2544 ignominiose.
1066 2447 1244 2524 Socrates⁸
1264 2471 1377 2522 tamon
1410 2509 1417 2518 .

349 2717 369 2748 ι.
396 2695 492 2748 Turbo.
509 2691 609 2746 Gruter.
630 2712 659 2742 en
681 2687 751 2740 libris
769 2685 820 2739 suis
871 2683 966 2740 Getone
986 2691 1074 2744 Stoico
1093 2711 1099 2742 :
1118 2717 1129 2734 ··
1140 2693 1299 2764 Venerisque
1321 2693 1381 2746 buit

314 2775 412 2847 prefert
429 2791 436 2824 ι
451 2773 543 2824 turbo.
558 2771 608 2824 seo
629 2788 681 2821 oon
693 2787 756 2839 opus
766 2777 821 2828 est,
870 2769 994 2822 mesimns
1006 2791 1064 2824 usus
1074 2772 1212 2846 Progenies
1224 2790 1230 2824 :
1242 2771 1297 2826 urbi
1311 2787 1382 2846 puter

315 2854 391 2906 modo
403 2853 480 2904 turbo
489 2869 547 2903 essu
557 2861 624 2901 sexto
632 2846 747 2919 accipiat.
759 2845 822 2896 ble-
871 2857 907 2896 est
919 2847 1134 2919 urbiquemsritns
1145 2875 1158 2897 s
1166 2851 1241 2904 Cous,
1252 2851 1380 2904 munh,

315 2949 373 2982 rum
383 2929 461 2981 sensit
475 2927 499 2979 J.
511 2927 550 2979 bl.
561 2925 704 2996 Hmuinger
720 2924 821 2977 Emen-
870 2921 913 2972 vit·
938 2923 973 2974 M·
994 2923 1097 2978 Catonis
1115 2927 1217 2998 majoris
1238 2925 1263 2978 ll
1283 2945 1308 2997 p.
1320 2937 1379 2988 ooo,

315 3007 375 3061 dett.
388 3029 412 3081 p.
422 3005 478 3059 238.
872 2999 955 3056 neith.
976 3015 1000 3055 et
1014 3003 1160 3058 Hieroclem
1181 3006 1380 3076 Musoniumqne

349 3107 372 3138 ι.
383 3086 513 3139 Avarits'oe
524 3093 606 3134 entem
625 3079 716 3152 duple:
734 3092 822 3152 potes-
872 3097 910 3152 sp.
933 3081 1005 3134 Stob.
1016 3082 1097 3136 Serm.
1118 3082 1239 3155 Florileg.
1257 3083 1381 3135 Lxxttt.

317 3179 352 3218 tas
361 3165 460 3227 subest,
473 3161 563 3223 alters,
576 3157 774 3229 qmsvidimem
782 3177 824 3229 pe·
903 3157 1379 3230 b.11fixumvisceribusipsis.quue

316 3243 403 3297 eunies
413 3261 516 3313 quoquo
526 3237 603 3292 modo
612 3250 636 3289 et
642 3236 717 3289 titulo
725 3253 823 3290 coster-
873 3236 940 3288 enim
949 3238 1035 3290 snirno
1048 3253 1143 3291 tantum
1153 3240 1199 3292 ists
1212 3239 1284 3310 pestis
1295 3239 1380 3292 sdbae·

318 3321 405 3384 vsndi,
414 3321 493 3390 iisque
504 3316 650 3380 incubandi,
659 3315 730 3368 nullo
737 3333 823 3366 esrum
873 3325 919 3380 ret,
927 3315 969 3366 sed
981 3317 1080 3388 torpori
1090 3329 1114 3369 et
1123 3317 1217 3369 intimis
1230 3316 1380 3368 visceribus:

318 3419 363 3452 usn
373 3401 452 3458 laetos
466 3395 555 3459 alters,
565 3415 614 3464 que
621 3394 745 3447 luxuriam
753 3392 823 3445 illem
873 3405 896 3444 et
904 3393 1155 3467 voluptatisquodsm
1163 3395 1239 3447 modo
1248 3395 1382 3447 necessitss

317 3478 505 3552 designet,quoe
515 3471 824 3546 turpitersmittsies,quoe
873 3485 924 3537 est,
941 3487 970 3524 ut
982 3471 1046 3539 cibi,
1062 3487 1088 3525 ut
1105 3473 1232 3546 potionis3
1249 3471 1318 3524 nulls
1337 3493 1382 3524 su-

316 3559 411 3631 turpius
423 3567 516 3630 reperet
527 3551 774 3626 (Nat-Q.l‚prael.§.
788 3553 824 3616 4).
872 3563 922 3602 tem
938 3563 973 3602 est
985 3550 1164 3604 immensarum
1177 3549 1383 3622 opum‚dignits·

351 3637 374 3688 3.
385 3637 510 3688 Ambitio.
517 3633 635 3686 Studium
646 3632 774 3687 bonorum
782 3650 824 3683 so·
874 3639 943 3693 tum,
959 3639 1004 3680 etc.
1018 3628 1156 3680 necessitas.

318 3713 512 3788 cipiendorum,
537 3713 565 3764 in
592 3709 682 3783 quibus
700 3709 824 3762 obeundis
906 3703 1385 3769 7.1nuntoersumsemetvtnctr.130ns

318 3811 417 3864 magne
428 3789 523 3844 divitie
533 3789 614 3863 peruri
626 3788 715 3841 solent.
874 3782 958 3847 lectio,
967 3795 990 3835 et
999 3781 1100 3851 sntiqun
1109 3781 1227 3854 :proinde
1239 3803 1267 3832 es
1280 3779 1385 3832 Erssrno

350 3871 374 3936 4.
388 3867 543 3920 libidinem.
563 3867 630 3919 tle.
643 3861 822 3924 concubitum:
872 3859 966 3913 reduxi.
987 3862 1068 3912 Antea
1090 3859 1117 3910 in
1138 3857 1253 3922 Sebotti,
1277 3857 1384 3908 Grono-

319 3969 385 4012 non,
398 3962 425 4001 ut
433 3947 527 4021 vulgo,
539 3957 626 4014 turpes
638 3963 740 3996 amores
753 3957 777 3996 et
787 3943 823 3996 rei
872 3938 923 4002 vii,
935 3939 1036 4013 llipont.
1048 3942 1168 3992 vincitur.
1176 3936 1249 3989 Retio
1259 3935 1293 3988 :si
1302 3957 1383 3987 unum

318 4045 434 4082 venerea
447 4024 541 4079 loedum
555 4041 636 4078 usum.
874 4017 961 4069 vitium
972 4016 1120 4089 prosternit,
1142 4015 1229 4068 omnis
1246 4013 1308 4066 vitis
1325 4013 1383 4064 vin·

352 4109 374 4158 5.
386 4088 671 4174 Propagandibsudsl
682 4101 713 4153 sd
726 4100 774 4153 boc
783 4121 825 4154 ve·
873 4097 916 4150 eit.
930 4094 1028 4169 lipsius
1046 4095 1145 4148 emend.
1162 4097 1216 4148 niss'
1228 4095 1310 4146 semel
1326 4097 1382 4144 rin-

320 4203 375 4236 rum
394 4183 485 4255 dogma
496 4181 593 4253 Lipsius
600 4177 696 4231 burani
709 4177 771 4242 (lib.
787 4177 824 4243 ll,
871 4178 922 4237 cit,
937 4176 1054 4226 vincitur.

318 4263 380 4332 387,
410 4260 490 4326 388.)
518 4257 664 4332 preclarum
684 4257 767 4310 locum
793 4255 824 4309 de
908 4253 930 4305 8.
938 4251 1065 4305 Socrates.
1084 4251 1188 4303 lielerre
1206 4249 1272 4302 mslo
1282 4247 1314 4300 sd
1329 4248 1381 4300 xe-
