2966 4948
316 444 383 512 236
462 442 529 512 stt
551 439 837 510 POLYBIUM
861 437 1232 511 CONSOLATIO.

314 590 452 668 pectore
480 573 650 668 gemitus,
676 568 737 656 sed
759 570 864 642 iidem
883 587 917 640 et
936 572 1111 640 finiantur.
1134 571 1191 640 Sic
1206 593 1289 664 rege
1305 573 1385 640 ani-

315 721 407 766 mum
426 713 540 781 tuum,
560 711 599 766 ut
617 710 653 764 et
670 693 880 790 sapientibus
891 711 924 764 te
943 693 1133 790 approbare
1145 695 1253 788 possis
1266 710 1301 762 et
1318 693 1397 765 ira-.

316 813 439 884 tribus.
462 812 593 896 Effice,
614 827 654 880 ut
672 811 871 902 frequenter
895 811 1011 878 fratris
1029 810 1079 878 tui
1099 810 1294 888 memoriam
1323 809 1385 878 tibi

316 927 401 998 velis
414 951 608 1008 occurrere,
613 941 651 995 ut
660 925 756 996 iilum
769 941 804 994 et
812 924 1024 995 sermonibus
1036 924 1199 1014 celebres,
1205 941 1241 994 et
1248 923 1386 994 assidue

276 1057 293 1110 a
317 1044 557 1116 recordatione
570 1058 792 1138 representes
800 1042 865 1112 tibi
880 1045 905 1112 ¹.
921 1040 1026 1136 Quod
1039 1043 1086 1112 ita
1102 1039 1249 1134 denique
1267 1064 1388 1110 conse-

316 1165 377 1257 qui
388 1164 529 1258 poteris,
546 1165 575 1231 si
596 1162 659 1230 tibi
673 1161 868 1230 memoriam
882 1159 1151 1254 ejnsjueundam
1161 1161 1270 1254 magis
1284 1183 1388 1252 quem

318 1277 468 1347 flebilem
489 1277 622 1346 feceris.
641 1273 803 1346 Naturale
821 1290 872 1344 est
884 1275 974 1344 enim
992 1289 1031 1344 ut
1042 1296 1177 1368 semper
1191 1273 1326 1342 animus
1342 1271 1387 1342 ab

318 1417 359 1464 eo
381 1393 555 1490 refugiat,
580 1391 625 1462 ad
650 1387 742 1485 quod
769 1415 846 1460 cum
871 1391 1008 1460 tristitia
1039 1392 1237 1461 revertitur.
1265 1390 1388 1484 Cogita
1474 1383 1475 1456 t

318 1505 514 1578 modestiam
525 1507 612 1599 ejus,
625 1507 736 1600 cogita
749 1502 1044 1600 inrebusagendis
1054 1504 1238 1590 solertiam,
1249 1505 1286 1573 in
1295 1528 1390 1573 exse·
1474 1519 1475 1582 ζ

318 1623 468 1718 quendis
486 1619 714 1705 industriam,
743 1622 779 1690 in
797 1623 973 1717 promissis
996 1622 1233 1691 constantiam.
1265 1621 1394 1690 Om'nia
1474 1633 1475 1678 t

319 1737 408 1808 dicta
426 1738 500 1833 ejus
519 1760 560 1806 ac
575 1736 663 1806 iacta
678 1752 714 1806 et
728 1735 804 1806 aliis
822 1759 977 1830 erpone,
998 1750 1033 1804 et
1051 1735 1184 1804 tibimet
1204 1736 1278 1828 ipse
1295 1758 1391 1804 com·
1474 1775 1475 1814 ;

320 1879 481 1924 memora.
494 1854 616 1947 Qualis
630 1853 733 1922 fuerit
746 1853 871 1948 cogita,
885 1850 1064 1944 qualisque
1073 1853 1204 1946 sperari
1217 1853 1389 1946 potnerit:

281 1996 294 2034 s
318 1971 404 2065 quid
419 1971 510 2038 enim
524 1970 569 2039 de
587 1969 647 2039 illo
661 1993 731 2038 non
745 1983 817 2038 tuto
835 1967 996 2062 sponderi
1015 1969 1120 2037 fratre
1137 1969 1275 2063 posset?
1288 1971 1390 2048 Haec,
1474 1949 1475 1958 ἵ

319 2105 504 2181 utcumque
531 2089 656 2181 potui,
687 2087 790 2180 longo
810 2087 882 2179 jam
908 2085 975 2154 situ
997 2085 1148 2156 obsoleto
1173 2103 1208 2154 et
1230 2085 1394 2156 hebetato

319 2205 433 2273 animo
451 2203 626 2296 composui
645 2228 654 2270 ι
672 2226 747 2294 qme
760 2203 788 2270 si
805 2217 864 2270 aut
880 2225 1002 2295 parum
1023 2203 1230 2296 respondere
1250 2204 1393 2296 ingenio

320 2337 402 2404 tuo,
425 2335 484 2388 aut
496 2343 616 2413 parum
637 2315 767 2388 mederi
784 2317 893 2386 dolori
912 2317 1140 2402 videbuntur,
1165 2320 1278 2413 cogita
1290 2343 1394 2412 quam

321 2461 390 2505 non
410 2437 561 2531 possitis
574 2435 692 2506 alienae
710 2459 832 2506 vacare
845 2434 1090 2520 consolationi,
1110 2460 1214 2530 quem
1228 2460 1292 2505 sua
1305 2437 1394 2505 mula

321 2566 521 2646 occupatum
529 2567 647 2620 tenent
656 2580 667 2638 3
675 2574 778 2644 quam
787 2573 857 2618 non
870 2548 1096 2619 iacilebatina
1106 2550 1251 2624 eitterba
1259 2549 1393 2618 bomini

322 2672 568 2751 succurrant²‚
593 2691 693 2759 quem
708 2664 930 2735 barbarorum
943 2663 1158 2753 inconditus,
1181 2683 1218 2735 et
1233 2667 1395 2737 barbaris

322 2807 459 2876 quoque
478 2773 765 2852 humanioribus³
784 2783 917 2876 gravis,
937 2782 1093 2851 fremitus
1112 2783 1356 2853 circumsonat.

361 2985 381 3018 ι.
395 2965 651 3036 Frequentersrotrs's
663 2967 832 3036 tui....reproe·
883 2965 973 3020 videor
983 2967 1034 3040 ism
1052 2966 1203 3020 dedidicisse
1219 2966 1324 3033 Latine3
1336 2969 1396 3021 Jsm

324 3055 407 3098 sentes
419 3046 475 3096 titt.
489 3043 645 3096 conterens.
657 3043 695 3096 bis
706 3062 764 3114 que
775 3045 832 3098 Te·
880 3044 959 3099 didici
970 3046 1060 3100 Getice
1072 3045 1262 3117 Sarmaticeque
1273 3046 1357 3116 ioqui.
1371 3065 1386 3092 o

325 3121 366 3176 cit.
373 3123 401 3174 in
411 3120 522 3192 Agricol.
534 3142 586 3195 cap.
600 3122 632 3188 46
641 3122 731 3186 babet,
743 3121 782 3174 bis
792 3123 832 3175 si·
914 3123 938 3175 3.
955 3123 1177 3178 Huusonion'bus.
1194 3123 1228 3177 lis
1242 3124 1339 3178 sciiicet
1350 3125 1396 3195 qni

325 3201 397 3254 milia
407 3213 432 3255 et
444 3201 597 3274 cogitatione
608 3213 632 3254 et
641 3201 699 3274 ipsis
708 3199 798 3254 verbis.
881 3201 931 3275 jam
953 3201 1098 3274 disciplinas
1125 3201 1239 3256 liberales
1258 3203 1398 3274 attigerunt

358 3279 556 3334 2.Succumnt.
571 3281 667 3335 Prmsto
684 3279 831 3334 sinbOvid.
882 3293 906 3332 et
925 3303 939 3328 α
961 3281 1087 3356 ingenuas
1114 3293 1202 3350 pectus
1224 3281 1328 3336 coluere
1352 3301 1398 3355 per

325 3360 409 3424 Trist.²
418 3358 546 3424 lib-V,Ei.
556 3375 608 3426 xtt,
617 3362 647 3428 57
659 3375 688 3410 :u
700 3359 755 3432 lpse
767 3356 832 3412 mihi
882 3371 954 3414 artes.
967 3381 981 3406 s
