2876 4940
307 472 371 555 548
647 449 716 540 nn
740 469 1047 539 euunrlous

304 627 344 671 ex
359 605 493 672 diverso
514 606 576 671 ists
594 603 700 673 verbe
717 604 826 697 posits
839 604 920 672 sint.
939 603 1042 694 Atqui
1056 604 1085 669 si
1100 603 1178 692 quis
1192 599 1261 668 sibi
1280 599 1387 668 bene·

305 723 420 791 ficium
442 722 518 807 dat,
539 722 627 789 nihil
643 723 784 790 interest
806 722 897 788 inter
914 719 997 788 dere
1018 736 1052 787 et
1078 720 1249 812 accipere.
1278 717 1386 786 Paulo

303 844 394 907 ante¹
409 840 575 921 dicebam,
588 840 756 933 quaedam²
768 837 812 906 sd
823 838 906 908 alios
919 837 1105 933 pertinere,
1118 851 1152 904 et
1164 837 1215 905 sic
1226 859 1310 904 esse
1325 836 1386 902 for·

303 973 411 1038 mate,
432 974 470 1026 ut
488 973 555 1025 tota
570 958 777 1051 significatio
795 956 934 1024 illorum
952 954 1105 1034 discedet
1120 978 1139 1021 a
1154 953 1271 1021 nobis.
1300 941 1384 1020 Fra-

302 1091 472 1158 tersum,
500 1073 561 1141 sed
584 1073 747 1160 alterius3
774 1097 874 1142 nemo
892 1089 943 1142 cst
959 1073 1048 1140 enim
1069 1095 1149 1140 suus
1167 1071 1293 1137 fmter.
1321 1071 1384 1136 Par

260 1195 276 1248 3
303 1211 397 1267 sum,
416 1187 477 1255 sed
492 1187 618 1271 alicui,
640 1187 717 1279 quis
728 1204 779 1255 est
792 1189 884 1254 enim
897 1210 960 1280 par
972 1186 1038 1255 sibi
1051 1187 1066 1253 Ρ
1081 1183 1184 1276 Quod
1196 1207 1382 1276 compars-

301 1323 370 1386 tur,
392 1306 466 1372 sine
484 1304 592 1374 altero
611 1328 679 1372 non
697 1303 900 1396 intelligitur
918 1331 925 1370 :
942 1303 1036 1395 quod
1042 1302 1215 1395 jungitur,
1233 1301 1316 1369 sine
1335 1301 1382 1368 af·

300 1439 375 1490 tero
392 1445 459 1490 non
478 1439 541 1490 est.
565 1425 621 1492 Sic
641 1438 676 1490 et
695 1421 786 1514 quod
805 1421 918 1504 detur,
940 1421 1014 1488 sine
1030 1418 1138 1489 altero
1152 1444 1222 1488 non
1240 1435 1299 1488 est
1320 1445 1329 1484 ι
1351 1437 1381 1486 tr

301 1540 506 1608 beneficium
524 1542 597 1607 sine
614 1538 721 1608 altero
737 1561 807 1607 non
825 1555 887 1606 est.
911 1538 951 1606 ld
969 1562 1010 1605 ex
1031 1540 1105 1632 ipso
1125 1538 1297 1608 vocabulo
1315 1565 1380 1632 ap-

300 1673 418 1750 paret,
440 1657 475 1724 in
496 1678 565 1749 quo
585 1656 652 1724 hoc
666 1657 872 1734 continetur,
892 1654 1112 1724 benefecisse.
1138 1657 1246 1724 Neino
1258 1673 1376 1724 autem

299 1773 364 1842 sibi
379 1773 570 1855 benefacit,
589 1797 658 1841 non
672 1775 779 1865 magis
797 1797 897 1863 quum
911 1771 977 1839 sibi
992 1771 1103 1854 favet,
1117 1797 1219 1864 quam
1233 1794 1375 1842 suarum

255 1888 272 1953 4
298 1891 444 1982 partium
463 1907 526 1960 est.
552 1892 688 1959 Diutius
705 1891 771 1958 hoc
788 1905 823 1958 et
839 1889 995 1982 pluribus
1016 1890 1177 1981 exemplis
1195 1891 1278 1958 ficet
1294 1915 1376 1984 pro-

254 2011 260 2020 '
297 2007 394 2098 sequi
408 2035 417 2089 3
436 2006 558 2099 quidni
570 2007 585 2073 t
597 2031 704 2097 quum
718 2007 810 2074 inter
821 2029 860 2074 es
873 2006 917 2073 sit
928 2003 1124 2073 habendum
1143 2005 1371 2088 heneficium,

295 2145 372 2214 qute
391 2120 572 2190 secundam
590 2145 769 2214 personam
781 2118 990 2188 desiderant.
1004 2117 1170 2210 Quaedam
1182 2145 1290 2213 quum
1305 2125 1373 2191 sint

294 2238 457 2319 honeste,
479 2237 731 2331 pulcherrima,
752 2261 890 2305 summae
901 2238 1059 2319 virtutis,
1081 2237 1147 2304 nisi
1164 2261 1242 2305 cum
1261 2240 1371 2308 altero

294 2376 364 2420 non
390 2352 519 2421 habent
545 2351 670 2422 locum.
693 2350 880 2434 Laudatur,
902 2368 937 2420 et
956 2353 1046 2419 inter
1062 2353 1206 2420 maxima
1224 2353 1365 2422 humani

295 2471 431 2563 generis
449 2471 555 2552 hona,
580 2469 666 2538 fides
685 2470 830 2554 colitur,
853 2493 933 2536 num
954 2469 1032 2561 quis
1051 2493 1135 2562 ergo
1154 2467 1282 2538 dicitur
1302 2473 1367 2539 sibi

295 2586 396 2654 fidem
416 2589 642 2680 praestitissc?

341 2706 407 2773 XI.
427 2705 537 2772 Venio
555 2703 701 2772 nuncad
716 2704 869 2772 ultimum
884 2720 1015 2797 partem
1027 2693 1054 2770 ⁵.
1070 2703 1140 2794 Qui
1156 2707 1302 2798 gratiam
1317 2731 1366 2774 re-

292 2823 375 2907 fert,
393 2821 525 2914 aliquid
545 2821 648 2888 debet
672 2815 908 2914 impendere³‚
939 2824 1026 2890 sicut
1052 2823 1110 2913 qui
1135 2822 1237 2891 soivit
1258 2848 1363 2917 pecu-
1436 2835 1437 2854 ¹

291 2939 408 3006 niam:
431 2938 520 3006 nihil
542 2953 655 3007 autem
680 2937 869 3032 impendit,
897 2940 958 3031 qui
984 2941 1127 3032 gratiam
1147 2939 1214 3008 sibi
1234 2941 1361 3020 refert,

290 3077 360 3122 non
375 3056 485 3149 magis
496 3079 599 3148 quum
614 3057 848 3147 consequitur,
869 3058 929 3149 qui
946 3055 1151 3124 beneficium
1170 3082 1192 3126 a
1208 3082 1245 3126 se
1261 3081 1364 3126 acce-

288 3171 353 3264 pit.
371 3171 581 3240 Beneficium
595 3187 628 3238 et
644 3171 760 3265 gratiae
776 3171 918 3255 relatio,
944 3172 1034 3240 ultro
1054 3173 1212 3265 citroque
1232 3175 1282 3241 ire
1300 3173 1362 3241 de-

288 3284 371 3352 bent
386 3311 393 3351 :
407 3285 497 3352 intra
507 3309 613 3352 unum
622 3285 795 3353 hominem
805 3309 874 3354 non
888 3301 938 3354 est
947 3281 1180 3356 vicissitudo⁵.
1193 3286 1266 3380 Qui
1279 3311 1361 3380 ergo

288 3545 451 3605 quumanter
464 3533 749 3606 distingueretur-:quia
761 3552 802 3586 rre-
850 3532 934 3588 titudo
948 3553 1000 3587 esse
1017 3535 1094 3606 possit
1112 3536 1140 3588 in
1160 3555 1215 3589 uno
1231 3536 1360 3590 homine?

286 3613 801 3682 modotsibr'afr'oqui·Duo.....etr'nuno
833 3644 847 3656 -
884 3612 907 3664 3.
924 3612 1360 3680 Utrimampamm.snslunn?
1434 3653 1435 3673 r

288 3687 783 3764 restituitprovulg.r'nunum,ccodd.
851 3689 974 3762 inteiligit
995 3691 1044 3744 hoc
1068 3692 1137 3762 qnod
1161 3690 1290 3762 objectum
1311 3711 1361 3748 ent

325 3788 345 3821 ι.
366 3769 456 3822 Panlo
483 3778 553 3822 aute.
579 3768 655 3820 lnitio
680 3767 768 3840 capitis
788 3782 796 3816 τ
850 3767 1361 3843 initiocsp.lxtsssencfitiumsibidsrr

289 3868 302 3894 s
309 3847 452 3920 prostitisse
462 3847 494 3899 sd
507 3844 570 3898 slim
581 3857 701 3918 spectat.»
851 3860 943 3920 potest,
952 3867 1012 3921 ergo
1019 3860 1043 3900 et
1050 3849 1141 3901 referre
1150 3849 1360 3920 gislinus-»Prius

321 3945 344 3976 s.
360 3925 503 3997 Quaedam.
517 3923 713 3997 Suppleverba.
849 3927 991 3980 membrum
1020 3927 1052 3980 de
1076 3925 1202 3980 benefitio
1224 3931 1362 3982 refutarit:

320 4004 368 4056 ΧΙ.
379 4006 450 4057 Anu.
462 4001 583 4070 Denique
594 4001 694 4055 notioni
704 4000 800 4055 bcnrfi·
849 4025 917 4058 nnnc
930 4005 979 4060 hot
989 4005 1097 4060 alterum
1112 4007 1142 4059 de
1153 4007 1244 4080 grstia.

287 4080 320 4133 tii
333 4081 495 4143 adversatur,
506 4079 527 4132 si
537 4076 661 4133 beneficia
670 4079 744 4132 nobis
750 4080 798 4154 ipsi
881 4089 906 4153 4.
921 4087 1084 4154 Impenden.
1098 4087 1247 4154 Deprecer,
1263 4091 1362 4142 doum
1433 4079 1434 4083 Ἰ

286 4161 538 4215 dsredicimnNsm
545 4157 728 4214 beneficiorum
739 4181 798 4214 rou·
848 4165 884 4216 du
895 4166 958 4216 sien.

285 4240 347 4292 ditio
358 4239 505 4293 vicissitudo
519 4251 563 4292 cst.
572 4238 637 4307 Qut
647 4259 708 4293 vero
720 4239 796 4292 vicis·
880 4243 903 4293 5.
915 4242 1082 4296 Wctssttudo.
1096 4241 1164 4296 Gall.
1173 4244 1329 4312 re'cipmre'.
