2978 4942
304 469 368 540 532
638 461 705 534 DE
730 457 1039 535 BENEFICIIS

303 607 395 686 tur¹,
422 596 515 693 quod
530 613 676 691 uterque
696 623 716 668 a
734 622 796 668 eun
821 613 919 693 parte
935 621 1008 666 eene
1028 621 1128 692 quam
1147 595 1379 692 plenissimum

302 719 417 812 cupit„
431 711 462 786 ei
476 714 564 784 alter
576 715 653 809 plue
663 716 796 810 potuit,
812 712 904 782 etad
918 737 1056 783 menum
1070 712 1192 782 habuit
1205 716 1381 784 materiam

302 833 530 904 sufficientem
555 832 670 901 animo
687 856 772 915 ouo,
793 832 822 900 ei
841 831 912 914 illi,
935 846 1098 924 quantum
1118 848 1261 901 conotus
1286 836 1377 915 ²est,
1475 839 1476 844 ’

303 953 439 1022 fortune
457 951 634 1046 permisit,
654 951 743 1019 ulter
756 964 873 1019 autem
889 947 1065 1018 voluntate
1083 973 1146 1043 per
1161 966 1230 1034 eet,
1248 952 1380 1020 etiamsi
1475 961 1476 990 ¹

302 1067 435 1139 minora
449 1087 551 1158 quam
567 1065 700 1158 accepit
714 1061 887 1146 reddidit,
903 1077 963 1131 aut
973 1064 1110 1132 omnino
1124 1087 1193 1134 non
1209 1062 1377 1148 reddidit,
1475 1069 1476 1082 ¹

303 1183 364 1256 ted
377 1184 452 1256 vult
467 1181 631 1266 reddere,
650 1198 685 1251 et
700 1197 770 1250 toto
788 1182 824 1248 in
843 1181 910 1250 hoc
928 1181 1081 1250 intentus
1097 1197 1149 1254 eet
1165 1184 1281 1250 animo
1300 1209 1308 1248 ε
1325 1183 1382 1250 hic

303 1322 374 1370 non
393 1297 501 1391 magio
519 1297 629 1366 victus
647 1311 718 1378 eet,
735 1319 839 1390 quam
852 1295 913 1387 qui
927 1296 965 1362 in
977 1297 1083 1364 armis
1102 1298 1266 1380 moritur,
1280 1321 1382 1388 quem

260 1417 277 1484 4
303 1411 460 1484 occidere
472 1412 606 1482 feciliue
616 1412 724 1481 hostie
738 1412 861 1505 potuit,
875 1427 1155 1503 quamavertere.
1166 1409 1273 1505 Quod
1284 1428 1382 1506 turpe

276 1505 278 1512 Ι
302 1532 493 1612 existimet,
509 1528 547 1598 id
561 1526 720 1598 occidere
733 1528 808 1596 viro
821 1527 911 1596 bono
925 1549 996 1595 non
1010 1542 1137 1621 potest,
1153 1543 1192 1596 ut
1204 1529 1380 1598 vincetur:

302 1671 478 1740 nunquam
500 1647 593 1715 enim
621 1645 836 1727 succumbet,
858 1667 1034 1737 nunquam
1052 1643 1287 1715 renuntiabit'
1312 1671 1320 1710 :
1341 1642 1383 1710 ad

191 1791 193 1796 ·
303 1763 461 1832 ultimum
484 1786 595 1855 utque
612 1761 704 1831 diem
721 1764 797 1832 vitae
815 1762 918 1830 stabit
934 1778 1090 1855 paratus,
1109 1777 1144 1830 et
1168 1761 1206 1829 in
1229 1761 1296 1828 hac
1316 1775 1384 1828 sta-

303 1881 397 1950 tione
414 1879 602 1966 morietur,
624 1903 747 1973 magne
759 1903 796 1947 ee
810 1879 981 1973 accepisse
994 1903 1066 1973 prae
1084 1903 1121 1948 ee
1136 1878 1274 1960 sereno,
1289 1879 1384 1971 pario

303 1993 466 2066 volume.

351 2113 416 2180 111.
430 2112 679 2180 Lacedaemonii
689 2104 821 2180 vetant⁴
833 2135 911 2180 tuoe
924 2113 1113 2205 pancratio,
1129 2126 1189 2180 aut
1204 2103 1317 2180 cestu⁵
1332 2109 1385 2178 de

303 2251 465 2311 cernere,
486 2228 546 2298 ubi
567 2227 768 2296 inferiorem
784 2227 934 2296 ostendit
951 2229 1034 2296 victi
1056 2229 1237 2298 confectio.
1260 2231 1386 2300 Cursor

307 2341 464 2420 cretam⁶
483 2351 579 2446 prior
594 2352 764 2446 contingit
786 2377 793 2418 ε
817 2349 997 2419 velocitate
1014 2351 1142 2435 ulium,
1162 2376 1233 2421 non
1251 2353 1384 2434 animo,

341 2603 362 2637 r.
373 2583 427 2638 Ubi
435 2584 664 2657 detffciougitur.
677 2583 718 2637 cf.
729 2583 761 2636 ad
773 2579 821 2650 IV,
874 2583 1010 2638 Plutarcho
1018 2584 1047 2637 in
1053 2585 1163 2659 Lycurg·
1171 2605 1193 2638 c.
1205 2603 1244 2656 19,
1255 2597 1281 2636 et
1289 2586 1387 2658 plenius

307 2661 396 2728 33,a.
873 2662 1063 2736 Apopbtbegm.
1073 2665 1168 2716 Lacon.
1178 2685 1204 2736 p.
1214 2663 1273 2728 228,
1283 2665 1323 2716 cd.
1333 2666 1387 2716 frti.

340 2762 363 2794 α.
379 2739 518 2812 Quantum
525 2747 689 2804 cumbercti,
700 2751 824 2811 quantum
873 2755 1014 2812 vetaretur,
1026 2743 1082 2798 uoii
1098 2743 1222 2798 dubitare.
1243 2743 1286 2796 Cf.
1301 2757 1388 2818 prater

179 2836 186 2849 ¹
305 2819 377 2875 velit.
391 2875 396 2882 ,
874 2821 989 2874 Febrem
1002 2821 1138 2896 Agnone..
1150 2824 1181 2888 1,
1195 2843 1234 2876 η.
1247 2822 1388 2876 Burmann.

338 2899 363 2952 3.
385 2897 556 2952 Remmiubt't
572 2898 717 2952 conditioni
735 2898 820 2963 buic,
870 2899 903 2952 ad
912 2901 1026 2974 Propert-
1034 2901 1132 2965 111,tu.
1144 2901 1329 2955 Pancratiantea
1337 2916 1387 2966 eet,

305 2978 441 3038 eutamico
452 2977 594 3031 certamini.
605 2978 706 3032 Laudat
720 2977 822 3032 Ernesti
872 2978 958 3052 Lipaio
977 2989 1044 3032 recte
1059 2977 1225 3044 observante,
1247 2979 1295 3050 qni
1313 2979 1389 3032 undio

305 3057 333 3110 in
346 3054 416 3109 Clav.
427 3053 480 3108 cie.
493 3055 519 3108 h.
536 3075 561 3106 v.
574 3055 692 3108 Ciceron.
706 3056 780 3108 Verr.
792 3055 822 3118 l,
872 3054 991 3108 manibus
998 3053 1142 3130 pugnisque
1151 3075 1231 3110 nexus
1237 3057 1337 3124 miscet,
1344 3059 1389 3110 ted

306 3135 339 3202 54
349 3132 521 3187 :renuntiabit
530 3132 602 3186 iilam
618 3131 788 3198 decisionem,
797 3132 823 3184 h.
873 3133 949 3187 etiam
958 3133 1063 3205 pedibus
1077 3147 1101 3186 et
1111 3146 1164 3186 toto
1177 3155 1285 3208 corpore
1302 3148 1389 3191 certat.

307 3233 329 3266 e.
341 3211 448 3266 nunciat
456 3210 528 3264 illam
537 3211 689 3285 pactionem,
699 3230 776 3282 qnam
784 3213 824 3264 fe-
874 3210 1041 3264 indenomen
1052 3210 1163 3278 Grrecit,
1177 3212 1247 3282 quod
1259 3213 1355 3270 viribus
1366 3229 1390 3268 et

307 3287 415 3358 cissent,
429 3297 512 3342 ratam
529 3308 582 3342 non
605 3308 672 3352 etse,
686 3287 824 3362 improbari
874 3288 1388 3359 omuiroborcadrocetouicnteteoedcm

308 3368 340 3422 ab
352 3388 382 3422 eo
392 3406 400 3434 ,
411 3366 482 3440 cujus
492 3365 520 3419 in
533 3385 563 3420 ee
575 3385 602 3420 re
615 3367 734 3420 voluntat
745 3365 825 3418 meri·
873 3368 1018 3436 καμμάχους
1029 3379 1131 3420 vocent·

309 3467 350 3500 me
363 3445 500 3520 spectanda
512 3437 552 3498 eit.
907 3447 931 3497 5.
952 3445 1046 3508 cestu,
1059 3457 1190 3520 tegmento
1206 3445 1280 3502 ioreo
1293 3485 1301 3512 ,
1318 3447 1389 3520 gravi

341 3527 389 3579 111.
400 3529 472 3579 Atta.
484 3523 612 3578 Ceterum
621 3543 675 3578 non
687 3541 745 3576 eum
755 3523 826 3576 vinci
875 3521 952 3575 bullis
963 3543 983 3575 e.
995 3521 1070 3576 nodie
1080 3545 1093 3576 e
1104 3527 1172 3578 ferro
1183 3563 1191 3592 ,
1203 3544 1271 3591 tere,
1286 3526 1390 3600 plumbo

309 3603 355 3674 qui
371 3601 472 3656 minora
488 3601 576 3666 dedit;
598 3621 658 3655 nam
677 3601 765 3655 animo
781 3601 828 3656 in·
875 3600 1032 3658 interstincto
1045 3603 1389 3676 manuebrechiaquearme·

310 3681 391 3734 victua
413 3701 466 3734 cate
488 3693 591 3756 potest:
609 3681 691 3735 enimi
713 3701 774 3734 vero
792 3693 829 3734 ett
875 3679 992 3734 bantur:
1013 3681 1106 3736 deinde
1132 3694 1185 3736 arte
1206 3683 1285 3736 inisse
1301 3687 1388 3748 factas,

310 3757 427 3832 inprimit
444 3759 559 3812 victoria.
578 3757 701 3832 Exempla
716 3779 730 3812 a
743 3761 828 3812 Lace-
876 3757 951 3811 teriia
963 3759 1087 3827 consutis,
1096 3759 1268 3825 chirothecas,
1277 3775 1306 3814 ut
1316 3762 1390 3816 indui

311 3836 498 3893 demoniorum
510 3835 691 3906 luctatoribua,
702 3857 718 3891 a
729 3849 828 3892 trecen·
876 3850 978 3911 ponent
987 3839 1122 3905 manibus,
1140 3852 1255 3894 constat:
1266 3839 1318 3895 boc
1327 3863 1391 3913 pon·

309 3917 341 3972 tit
349 3916 453 3984 Fabiis,
466 3915 602 3989 aReguio.
876 3916 937 3972 dere
950 3932 1042 3990 caput,
1054 3938 1144 3992 gente,
1157 3920 1254 3974 collum
1273 3935 1390 3996 pectusve

343 3998 368 4064 4.
385 3997 580 4050 Lacedaemonii
594 4005 703 4054 vetant,
720 4006 767 4048 etc.
792 3996 825 4048 ln
873 3997 1012 4052 adversarii
1022 3997 1207 4070 quatiebantur.
1221 4000 1264 4054 Ci.
1281 4002 1390 4054 Homeri

310 4094 359 4128 utu
371 4086 458 4128 temen
469 4074 546 4128 fuine
558 4073 626 4148 apud
641 4073 825 4144 eosbocpan-
873 4073 1018 4146 11.t,352
1035 4096 1073 4148 tq.
1092 4076 1185 4151 virgit
1202 4079 1269 4132 AEn.
1282 4080 1328 4146 V,
1341 4079 1390 4133 ³62

309 4153 423 4204 cratium
432 4149 487 4203 tire
497 4151 624 4225 pugilatu
637 4163 662 4206 et
671 4151 745 4206 tutte
756 4171 824 4206 eon·
872 4171 909 4225 tq.
921 4164 946 4206 et
956 4154 1064 4228 utroque
1073 4153 1130 4209 loco
1141 4153 1240 4229 Heynii
1247 4169 1313 4210 nott.

309 4227 468 4296 junctionem
492 4267 500 4296 ,
530 4240 666 4300 antequam
688 4229 824 4308 ⁸referente
904 4229 929 4284 6.
947 4234 1059 4288 Cretam.
1069 4232 1112 4288 Sit
1124 4233 1217 4301 optimi
1227 4234 1305 4288 codd.
1317 4234 1386 4288 Alii:
