2976 4950
322 502 390 570 ese
655 459 1056 567 nnnnnnmcns

322 633 474 698 Hecaton
489 632 496 662 ¹
515 627 612 721 ponit
624 623 815 720 exemplum
829 624 1015 709 Arcesilai,
1035 649 1139 720 quem
1154 629 1205 696 uit
1221 653 1242 698 a
1259 629 1333 698 filio
1350 632 1399 700 su·

321 752 431 820 milies
450 747 595 820 oblatum
612 748 793 843 pecuniam
811 764 881 818 non
899 749 1096 844 accepisse,
1118 775 1164 820 ne
1178 751 1240 819 ille
1264 769 1397 846 pun-em

321 866 496 940 sordidum
507 863 706 936 offenderet.
724 862 820 957 Quid
833 863 915 934 fecit
928 864 1029 935 lnude
1041 864 1185 962 dignum
1196 870 1212 937 i
1223 869 1320 962 qnod
1333 871 1398 940 tur-
1477 919 1478 922 ,

321 999 392 1054 tum
407 1009 478 1054 non
494 983 652 1078 reecpit?
667 980 760 1074 quod
777 981 897 1050 maluit
914 1005 983 1050 non
996 985 1174 1078 accipere,
1194 1007 1299 1078 quam
1314 985 1395 1054 red-

321 1100 404 1170 dere
415 1102 515 1194 ?qum
528 1099 680 1168 estenim
689 1097 836 1172 alienum
845 1119 919 1166 rem
928 1120 998 1166 nun
1010 1100 1167 1194 accipere
1180 1100 1397 1173 moderatio?

279 1227 294 1288 t
320 1219 356 1290 si
370 1217 523 1312 exemplo
535 1215 651 1310 magni
664 1213 769 1282 animi
782 1235 867 1306 opus
880 1226 932 1281 est
946 1261 956 1296 ,
977 1229 1114 1283 utamur
1125 1216 1276 1284 Graecini
1291 1220 1395 1288 ²Julii

320 1333 387 1402 viri
405 1331 558 1424 egregii,
574 1351 676 1422 quem
690 1330 731 1398 C.
749 1327 864 1395 Cesar
879 1324 1006 1395 oceidit
1021 1327 1066 1396 ob
1080 1328 1149 1398 boc
1162 1355 1284 1416 unum,
1301 1331 1396 1426 quod
1478 1321 1479 1368 ³

321 1447 442 1520 melior
450 1448 505 1518 vir
514 1460 600 1528 emt,
617 1467 718 1536 quum
733 1465 807 1512 esee
821 1465 1027 1536 quemquam
1039 1459 1185 1538 tyranno
1200 1447 1391 1542 expediret.

323 1565 356 1634 ls
371 1589 477 1658 quum
489 1563 534 1633 ab
546 1561 664 1630 amieis
679 1558 935 1628 conferentibus
947 1559 993 1628 ud
1005 1563 1193 1656 impensam
1207 1556 1221 1601 ³
1235 1565 1394 1637 ludorum

319 1681 485 1776 pecunius
498 1679 692 1771 acciperet,
710 1699 867 1768 magnum
881 1675 1061 1772 pecuniam
1074 1701 1095 1746 u
1106 1677 1218 1749 Fabio
1230 1675 1243 1726 ⁴
1256 1685 1394 1754 Persico

319 1797 454 1866 missam
469 1817 540 1864 non
556 1793 700 1886 occepit.
719 1794 763 1861 Et
780 1790 1042 1886 objurgantibus
1057 1794 1132 1878 bis,
1153 1799 1213 1888 qui
1233 1822 1305 1866 non
1329 1821 1393 1868 ms·

279 1925 294 1975 ⁵
320 1913 485 1982 timebant
500 1912 696 1992 mittentes,
718 1905 781 1978 sed
798 1909 920 1992 missa,
939 1907 1032 2002 quod
1045 1911 1258 2007 repudiasset
1275 1940 1283 1984 :
1299 1918 1391 2010 Ego,

319 2030 445 2123 inquit,
459 2027 504 2098 ab
517 2051 558 2098 eo
568 2026 775 2096 beneficium
786 2024 965 2120 accipiam,
981 2051 1083 2119 aquo
1097 2019 1394 2125 ⁵propinationem

318 2161 521 2241 accepturus
537 2167 607 2214 non
626 2143 690 2212 sim
701 2143 717 2210 Ρ
730 2141 918 2236 Quumque
937 2141 988 2210 illi
1004 2137 1173 2216 Rebilus‘
1187 2148 1390 2232 consularis,
1480 2199 1481 2230 ι

355 2377 376 2412 ι.
393 2356 521 2411 Hecaton.
542 2355 584 2407 De
601 2355 733 2410 lleestone
752 2371 830 2423 quem
878 2351 989 2408 blertial.
999 2351 1043 2422 lib.
1050 2355 1097 2422 XI,
1105 2373 1146 2422 ep·
1158 2369 1202 2421 xe,
1213 2376 1224 2408 ι
1236 2357 1394 2414 telneidsris

319 2437 371 2508 jem
380 2453 454 2505 supra
464 2432 578 2486 laudavit
587 2429 660 2485 ebed
674 2449 685 2481 ι
698 2431 728 2484 de
739 2429 830 2483 Benel.
879 2431 977 2500 quoties
990 2431 1017 2485 in
1033 2432 1105 2486 basis
1123 2434 1272 2488 saltatorum
1280 2475 1290 2500 ‚
1304 2438 1336 2489 ln
1350 2457 1393 2490 so-

319 2511 351 2579 ³,
363 2531 394 2584 9t
406 2512 437 2566 ds
448 2511 576 2566 dreesileo
584 2509 617 2564 sd
626 2510 661 2572 ll,
676 2527 716 2575 ro,
733 2525 754 2560 ι.
878 2509 915 2562 lio
926 2521 986 2584 puto
995 2523 1019 2562 te
1032 2529 1160 2584 mergere,
1171 2511 1277 2580 Places,
1290 2528 1392 2588 ceput.»
1481 2539 1482 2584 ι

352 2611 376 2644 s.
392 2591 507 2646 Groecim'
521 2590 602 2645 Jottt.
618 2587 702 2640 Julius
717 2587 830 2662 Pompo·
879 2597 904 2642 et
916 2587 959 2640 lib.
972 2589 1025 2654 xl,
1038 2585 1161 2664 e'pig.1.11
1175 2608 1183 2645 :
1196 2591 1393 2666 «linquemu-
1481 2655 1482 2660 ¹

319 2669 376 2721 nius
389 2667 521 2722 Graetinus
533 2668 574 2720 hic
586 2667 725 2720 traducitur
737 2665 768 2718 de
778 2685 830 2737 qno
880 2665 961 2732 ritus,
976 2666 1089 2721 muschus
1100 2687 1144 2720 ore
1156 2669 1311 2738 Manneiur,
1323 2669 1395 2722 Sum·

320 2749 352 2802 el.
365 2748 397 2800 sd
409 2746 488 2820 Epist.
499 2765 544 2818 sq,
558 2747 582 2798 5.
591 2746 653 2798 Erat
664 2741 833 2798 senutoriior·
879 2741 1015 2798 moeniunis
1026 2745 1184 2817 inquinatior
1193 2747 1393 2802 buccis-...rne-

322 2827 388 2878 dinis
399 2836 423 2878 et
435 2837 503 2896 puter
513 2821 579 2875 Julii
591 2820 718 2895 Agricola
731 2859 739 2887 ,
760 2819 831 2892 cujus
880 2823 1000 2895 diumque
1013 2822 1109 2876 mavult
1120 2824 1217 2894 basiare
1230 2846 1309 2896 qnam
1320 2846 1393 2880 surn-

321 2904 399 2958 vllam
417 2901 521 2956 Tacitus
541 2897 680 2973 descripsit·
693 2899 739 2952 Fati
755 2895 832 2952 ellam
880 2901 1116 2976 mum.»Apposite
1124 2902 1325 2976 hudatquoque
1334 2904 1394 2977 Lip-

322 2983 349 3036 iu
365 2979 459 3052 scriptt.
474 2976 524 3032 Rei
540 2977 641 3032 rustice
659 2995 725 3052 steps
743 2976 832 3030 citatus
880 2977 932 3032 sius
943 2980 1056 3051 ejusdem
1069 2979 1195 3036 Mertislis
1203 2980 1251 3034 lib.
1262 2981 1309 3050 ll,
1320 2982 1394 3056 Epig.

322 3079 337 3113 u
362 3054 514 3112 Columella.
537 3055 679 3108 Gessnerus
698 3053 727 3107 in
746 3051 832 3108 indice
880 3072 933 3122 xv,
953 3057 1039 3128 jocum
1058 3058 1181 3128 teQuud
1200 3058 1269 3112 nulli
1286 3057 1393 3112 culicem

322 3140 407 3192 Auett.
424 3137 457 3189 ll.
472 3137 507 3188 R.
521 3132 608 3188 laudat
624 3131 745 3186 Histoire
761 3131 833 3186 ttue'-
879 3144 950 3188 tuum
960 3137 1094 3210 propines,
1106 3137 1229 3198 Eumene
1238 3137 1317 3206 fucis,
1327 3139 1394 3190 ller-

322 3219 393 3270 ror're
401 3215 434 3268 de
443 3217 473 3268 Iu
482 3213 586 3268 Fruere
593 3213 641 3266 Το.
650 3213 672 3280 1,
679 3231 704 3284 p.
718 3209 764 3264 163
772 3231 809 3281 sq.
880 3231 936 3279 me,
951 3233 1006 3267 non
1014 3215 1151 3290 superbe.»

355 3291 380 3344 3.
391 3290 535 3344 ludorum.
546 3290 625 3344 Vetus
637 3288 672 3343 its
684 3307 754 3354 mos,
772 3287 831 3359 quie
911 3291 936 3342 6.
942 3289 1060 3346 Rebilus.
1069 3293 1134 3361 Quis
1145 3291 1307 3346 illeRebilus
1318 3293 1394 3348 fuerit

321 3368 425 3443 largiter
443 3367 628 3422 ellundendum
644 3367 673 3421 in
690 3364 831 3438 voluptates
879 3365 998 3440 igneum
1014 3389 1041 3423 se
1060 3373 1152 3424 fetetne
1168 3372 1236 3424 doct.
1255 3371 1393 3444 Iitrdlsops

321 3447 378 3502 illes
396 3447 503 3524 populi,
520 3445 613 3520 passim
628 3443 718 3508 umiei.
737 3442 791 3498 imo
806 3455 832 3497 et
879 3447 1010 3502 Noseerte
1020 3447 1392 3504 intutmmutaribucsni-

321 3525 476 3602 provincius,
487 3524 659 3578 conserebant.
880 3523 953 3578 nium
961 3523 1082 3580 Rebilum
1090 3525 1236 3580 invenimus
1245 3563 1254 3593 ,
1262 3525 1392 3601 insigne·

355 3607 380 3666 ί.
391 3603 477 3658 Fabio
495 3604 608 3657 Persico.
627 3601 722 3656 Fabius
734 3601 829 3656 Paulus
881 3616 906 3658 st
915 3601 1037 3658 breritste
1048 3604 1192 3658 consuletur
1204 3623 1283 3675 quem
1295 3618 1390 3680 septem

322 3679 436 3736 Persicus
447 3681 536 3736 consul
546 3680 597 3734 suit
607 3679 653 3733 sub
665 3679 768 3733 Tiberio
779 3699 831 3734 en·
880 3693 980 3736 tuntum
988 3679 1260 3754 besiegessitzereatus
1272 3683 1345 3736 enim
1356 3695 1392 3735 est

322 3780 357 3813 no
370 3759 402 3811 U.
413 3759 442 3812 C.
458 3759 523 3831 787,
541 3756 633 3812 Christ.
647 3769 698 3810 net.
710 3757 754 3825 34,
772 3775 831 3812 eum
880 3758 999 3814 eCaessre
1010 3779 1055 3834 pro
1063 3759 1184 3828 QAEubie
1194 3759 1310 3813 Maximo
1317 3781 1390 3815 mur-

321 3841 349 3892 1.
357 3837 463 3894 Vitellio
473 3840 580 3913 Nepote.
590 3837 669 3890 Tacit.
680 3837 774 3891 Annel.
786 3837 832 3890 lib.
879 3849 924 3890 tuu
935 3836 1000 3912 prid.
1013 3836 1329 3912 Kleunner.(trigesitnu
1341 3841 1392 3914 pri·

321 3917 373 3986 Vl,
382 3937 435 3992 esp.
446 3917 487 3970 28.
498 3915 576 3970 Unde
587 3933 731 3988 cognomen
741 3915 831 3970 Persi·
878 3933 921 3968 mu
933 3915 975 3970 die
983 3915 1143 3985 Decembris)
1152 3930 1193 3982 ιιι
1203 3917 1311 3972 dicterio
1320 3917 1392 3972 Ciue-

319 4015 365 4050 eus
378 3995 402 4050 ei
415 3995 532 4059 buerit,
550 3993 689 4067 ignoretur.
703 3992 744 4047 cf.
763 3992 830 4046 intre
878 3991 949 4048 runis
959 3993 1006 4065 qui
1019 3993 1120 4049 nullum
1134 3997 1171 4049 eit
1184 3995 1323 4070 vigilantis
1339 4009 1390 4050 tam

321 4073 369 4140 tt,
378 4073 419 4127 30.
667 4087 670 4096 ¹
878 4069 1089 4139 mirificusuisse,
1101 4072 1390 4144 quitotosuueonsule·

355 4153 377 4204 5.
398 4149 620 4224 Propiuutiuroem.
647 4149 716 4220 Quis
738 4169 828 4224 nempe
877 4161 906 4202 tu
927 4165 1048 4203 somnum
1067 4169 1121 4203 nun
1141 4149 1253 4207 vidisset.
1274 4153 1337 4208 Vid.
1357 4153 1391 4206 sd

320 4249 363 4282 ore
388 4227 489 4281 insumis
512 4229 675 4300 impurusque
697 4225 828 4280 ierebstus.
877 4225 970 4282 teuit.
982 4227 1027 4283 lib.
1037 4229 1098 4296 vlt,
1108 4229 1177 4303 epist
1187 4243 1249 4287 m.
1257 4231 1337 4302 Atqui
1346 4229 1390 4283 ille
