2976 4950
319 493 385 560 sss
654 490 723 560 on
751 439 1062 562 annuamus

223 665 226 674 ι
318 619 457 702 debere,
471 645 515 690 ne
527 623 713 716 acceperis.
723 621 874 716 Quidam
893 623 1019 694 iustine
1029 636 1138 716 agunt
1152 624 1293 716 gratias,
1309 638 1345 690 et
1356 625 1394 692 in

277 753 292 787 ²
317 735 461 830 angulo,
481 751 516 802 et
533 732 578 802 ad
593 759 724 805 aurem.
745 738 821 804 Non
838 749 889 804 est
904 739 968 804 ista
982 735 1190 806 verecundia
1205 785 1217 821 ,
1237 733 1302 806 sed
1317 735 1395 804 infi-

316 852 423 922 tiandi
443 877 563 948 genus.
590 854 749 950 Ingratus
768 869 819 922 est
836 902 846 934 ‚
866 854 950 945 qui,
970 856 1107 924 remotis
1134 853 1275 924 arbitris
1295 905 1305 938 ‚
1325 856 1394 948 agit

318 971 454 1065 gratias.
471 970 620 1062 Quidam
643 970 765 1040 nolunt
777 970 916 1038 nomina
930 993 1044 1039 secum
1060 971 1153 1039 fieri¹
1172 1020 1184 1054 ,
1201 994 1268 1040 neo
1290 971 1394 1039 inter·

316 1089 398 1182 poni
415 1087 568 1182 pararios
588 1091 615 1168 ²,
636 1108 700 1155 neo
720 1087 910 1180 signatores
928 1084 1111 1169 advocari,
1129 1110 1196 1156 nee
1213 1086 1393 1181 ehirogra-

315 1204 421 1298 phum
436 1202 518 1272 dare
542 1228 550 1268 ι
577 1201 669 1272 idem
688 1201 837 1282 iaciunt,
872 1201 932 1294 qui
955 1201 1038 1270 dant
1057 1225 1196 1296 operam
1226 1216 1268 1271 ut
1285 1199 1394 1271 bene-

274 1319 291 1372 ³
316 1317 431 1386 ficium
443 1319 481 1386 in
501 1319 591 1412 ipsos
601 1317 762 1386 collatum
773 1339 875 1408 quam
884 1318 1132 1411 ignotissimum
1143 1321 1199 1387 sit.
1220 1320 1394 1387 Verentur

315 1435 426 1530 palam
438 1435 550 1518 ferre,
566 1451 605 1503 ut
621 1457 683 1504 sua
694 1434 807 1528 potius
817 1434 964 1518 virtute,
979 1459 1082 1528 quam
1093 1435 1206 1506 alieno
1219 1434 1393 1528 adjutorio

316 1553 486 1622 consecuti
501 1547 670 1620 dicantur.
687 1550 849 1620 Rariores
864 1550 901 1617 in
916 1573 1034 1620 eorum
1048 1545 1192 1622 officiis³
1206 1565 1299 1634 sunt,
1318 1553 1395 1643 qui·

314 1663 379 1733 bus
393 1663 579 1749 nutritam,
596 1677 654 1731 aut
668 1659 870 1754 dignitatem
887 1659 1015 1734 debent
1028 1689 1036 1731 ε
1049 1679 1084 1734 et
1098 1663 1180 1734 dum
1196 1665 1394 1759 opinionem

316 1781 490 1849 clientium
507 1780 649 1861 timent,
667 1777 863 1872 graviorem
883 1779 1031 1849 subeunt
1049 1781 1276 1876 ingratorum.

363 1896 495 1964 xxtv.
513 1893 581 1963 atii
594 1894 739 1988 pessime
755 1893 943 1986 loquuntur
957 1895 1001 1965 de
1015 1897 1143 1990 optime
1155 1896 1300 1966 meritis.
1317 1895 1392 1966 Tu-

316 2015 383 2082 tius
401 2027 453 2082 est
468 2010 631 2104 quosdam
649 2010 850 2094 offendere,
875 2035 978 2103 quam
997 2009 1227 2084 demeruisse⁴
1251 2039 1261 2081 t
1286 2039 1393 2110 argu·

316 2145 466 2198 mentum
480 2127 567 2196 nihil
582 2126 780 2224 debentium
792 2125 871 2195 odio
883 2121 1075 2220 quaetunt⁵.
1097 2131 1201 2223 Atqui
1216 2130 1306 2198 nihil
1320 2155 1393 2198 ma-

317 2247 371 2340 gis
386 2243 613 2340 praestandum
631 2258 702 2326 est,
720 2267 822 2336 quam
836 2258 875 2312 ut
894 2247 1056 2314 memoria
1073 2246 1172 2316 nobis
1191 2227 1391 2318 meritorum
1477 2311 1478 2314 ,

316 2359 470 2445 hereat,
500 2382 575 2454 quas
600 2357 748 2430 subinde
766 2357 955 2429 reficienda
972 2377 1024 2432 est
1047 2389 1055 2429 ι
1078 2364 1160 2456 quis
1176 2386 1243 2433 neo
1261 2363 1393 2435 reterre

317 2602 446 2662 acceptum
465 2588 616 2642 beneficium
633 2587 716 2660 palam
733 2604 826 2638 nenas.
875 2586 963 2651 tione,
984 2600 1030 2642 etc.
1045 2607 1103 2659 qnae
1115 2590 1270 2663 prestabant
1288 2592 1393 2646 obnoxii

354 2689 375 2721 t.
390 2667 541 2740 Quidem...
551 2669 659 2718 nomino
668 2665 826 2738 secumfieri.
877 2677 921 2718 snt
930 2663 1034 2718 clientes
1042 2683 1049 2719 ι
1057 2681 1196 2728 vereatur.
1210 2688 1244 2724 ne
1257 2689 1306 2742 pro
1317 2670 1394 2724 elien·

318 2745 457 2798 Pincianus
474 2743 564 2796 maluit
583 2761 590 2794 ι
611 2745 721 2814 qnidam
737 2744 829 2795 volunt
876 2742 944 2796 tibus
955 2743 1106 2796 habeantur.

318 2827 424 2877 nomina
446 2841 531 2876 secum
542 2822 610 2892 fieri
631 2833 717 2874 contu
740 2839 827 2872 omnes
910 2821 1393 2898 XXIV.Atttt.Eoramvitnperatioqui
1476 2823 1477 2838 ¹

321 2907 543 2973 rodd.‚sensuqne
551 2921 604 2955 non
616 2900 765 2973 postulante.
773 2901 826 2954 Nee
876 2901 991 2968 ss‚dnm
1001 2901 1393 2975 magnitudinisspeeiemeuen·
1475 2947 1476 2958 .

319 2988 397 3041 fluet.
416 2985 448 3038 ab
467 2984 571 3054 antiqua
588 2981 696 3034 lectione
709 2983 825 3046 recessit;
876 2992 984 3051 pantur,
996 2979 1084 3052 putide
1095 2999 1155 3053 erga
1166 2981 1271 3036 dantem
1284 2996 1393 3055 gerunt,

320 3063 448 3136 adscripsit
456 3061 525 3114 enim
533 3059 771 3132 marginitquidatn
784 3081 827 3112 uo·
878 3069 902 3111 et
911 3057 1033 3121 delicata,
1047 3057 1151 3130 supine,
1160 3059 1309 3124 fastidiose,
1319 3060 1393 3114 tacite

319 3145 376 3198 lunt
389 3141 497 3195 nomina
508 3157 553 3192 sna
564 3137 650 3191 referri
662 3136 689 3191 in
701 3138 827 3210 syllabam
876 3153 983 3189 munera
1000 3135 1143 3207 accipiunt,
1155 3137 1228 3208 quasi
1247 3149 1274 3190 et
1284 3138 1314 3190 in
1327 3140 1394 3193 acci·

224 3239 229 3248 ¹
321 3219 629 3290 debitorum,sxpeusnrn
638 3214 687 3268 sibi
699 3215 828 3268 fertilia-
877 3212 1083 3286 piendoveniatn
1098 3212 1159 3264 dent
1176 3226 1201 3265 et
1215 3214 1395 3268 tavernens-

320 3319 370 3372 que
385 3295 450 3350 nibil
462 3293 765 3348 mutandum-Sensus
776 3305 828 3345 est:
878 3310 935 3342 rum
952 3302 1040 3342 conus
1054 3289 1165 3343 laudatio
1176 3291 1222 3361 qui
1235 3291 1394 3347 beneficium

321 3379 432 3446 puidam
444 3377 534 3428 nolunt
545 3383 686 3425 contractus
699 3372 731 3424 de
745 3369 828 3422 debito
878 3363 961 3418 verbis
971 3363 1128 3437 amplificant
1136 3379 1160 3418 et
1172 3367 1319 3420 maximese
1327 3367 1394 3420 obli-

320 3453 385 3510 fieri.
393 3453 510 3506 Nomina
522 3451 590 3504 enirn
596 3451 686 3519 facere
700 3449 731 3502 de
743 3448 829 3501 credi·
878 3455 949 3516 gttos
961 3441 1105 3495 ostendunt.

320 3545 375 3588 tore
384 3531 528 3602 plerumque
537 3529 639 3592 dieitur,
650 3527 694 3599 qui
704 3544 830 3580 summam
912 3523 936 3586 6.
950 3521 1124 3574 Demeruisse.
1131 3521 1165 3574 Η.
1176 3540 1198 3576 e.
1209 3522 1277 3576 bens
1288 3525 1396 3577 meruis-

321 3609 449 3686 poruniae,
461 3604 829 3676 norninedebitorisadjuncto‚
879 3619 921 3664 aa,
935 3599 1001 3652 bene
1015 3598 1110 3652 facisse.

321 3687 444 3744 intabnlis
451 3683 601 3741 suisseribit.
609 3681 750 3737 CiEmerti
760 3681 830 3734 Clau.
915 3679 937 3730 5.
952 3677 1045 3729 Turius
1056 3687 1128 3729 est...
1138 3687 1394 3746 promitterem,

323 3767 378 3821 cie.
390 3765 415 3820 b.
426 3785 450 3816 s.
881 3776 906 3809 ss
918 3755 1047 3830 depressos
1059 3774 1127 3822 esse,
1139 3753 1395 3828 snperbiainodium

356 3863 379 3898 α.
388 3843 526 3906 Pomrtos,
541 3838 585 3911 qui
592 3837 714 3904 effitiunt,
722 3851 750 3891 ut
760 3859 834 3909 peru·
881 3847 969 3887 mutat.
976 3835 1075 3887 Nolunt
1084 3855 1215 3905 quoquam
1226 3854 1280 3888 esse
1290 3835 1396 3889 inierin-

322 3923 364 3978 nir
381 3921 496 3976 credatur
515 3916 638 3984 debitori,
660 3930 805 3990 proxenetas
821 3953 829 3979 ,
880 3931 928 3977 res,
940 3924 1005 3968 stne
1015 3911 1191 3984 quisquamde
1201 3910 1395 3989 benefieiisopi·

322 3999 487 4056 consiliarios.
496 3995 628 4049 ldsmesse
637 3993 830 4065 videnturquod
880 3994 984 4046 aionem
994 3991 1100 4060 babeat‘,
1113 3992 1232 4060 oderunt,
1245 3993 1365 4068 inprimis
1374 3995 1396 4047 si

323 4077 396 4132 nobis
406 4077 515 4128 courtier
527 4075 558 4126 de
569 4091 712 4126 commem.
725 4069 765 4124 Cf.
778 4071 829 4134 lli,
880 4073 956 4146 paulo
974 4071 1069 4143 majora
1087 4073 1145 4126 sint.
1167 4073 1249 4145 Epist.
1267 4089 1317 4129 ιιι
1337 4090 1396 4130 extr.

325 4158 354 4206 15
364 4195 372 4216 ‚
384 4175 405 4206 2.
880 4150 978 4223 Lipsius
989 4147 1076 4201 laudat
1087 4151 1168 4205 Tacit.
1180 4151 1277 4203 Annal.
1290 4152 1337 4212 lv.
1350 4154 1396 4206 aa:

357 4231 379 4283 3.
399 4230 519 4300 Officiis,
540 4227 706 4294 salutatione,
732 4225 830 4278 deduc·
883 4251 895 4272 ιι
910 4227 976 4278 Nam
989 4226 1395 4298 banebriaeonsqnelaetesant,
