2966 4948
480 467 654 538 CAPUT
680 467 820 534 xxtt.
1126 469 1191 534 203

109 609 165 666 tu¹
176 613 359 666 camoenas
369 596 604 692 dignissimus,
614 595 1197 691 quinecexindiffloquidemqtud

110 715 362 808 quamdoleres
372 715 505 785 fintre².
515 716 983 786 Redditurillitestimonium
992 715 1197 806 aequaleom·
1250 779 1253 786 .

109 837 215 905 nium
230 838 429 924 hominum,
449 835 663 906 desideratur
676 836 713 904 in
727 850 822 904 tuum
836 835 1023 916 honorem,
1040 833 1197 902 landatur

111 955 153 1022 in
174 979 274 1022 auum
291 979 299 1020 ε
317 951 407 1022 nihil
425 955 462 1022 in
480 953 539 1021 itto
560 953 646 1036 fuit,
663 951 756 1044 quod
775 973 844 1018 non
862 949 1012 1020 libenter
1027 971 1196 1045 agnosce·-

112 1090 187 1136 nos.
209 1069 267 1138 Tu
284 1067 425 1160 quidem
443 1068 545 1137 etiam
562 1068 676 1135 minue
693 1067 784 1136 bono
801 1067 901 1135 fratri
920 1067 1041 1136 fuisses
1059 1067 1192 1136 bonus:

112 1183 182 1252 aed
207 1185 246 1251 in
272 1183 332 1252 itlo
349 1184 459 1277 pietas
480 1199 537 1252 tua
554 1183 712 1251 idoneam
732 1197 831 1251 nanta
848 1175 1067 1275 materiam³‚
1088 1181 1195 1250 multo

112 1322 152 1369 xe
166 1301 314 1370 liberius
326 1301 490 1369 exercuit.
508 1301 616 1368 Nemo
630 1301 817 1394 potentiam
830 1299 905 1392 ejus
926 1298 1053 1390 injuria
1067 1301 1192 1382 sensit,
1222 1309 1239 1362 ³

113 1439 296 1508 nunquam
312 1416 371 1485 ille
385 1431 418 1486 te
436 1417 576 1486 fratrem
593 1417 656 1484 ulli
676 1419 823 1484 minatus
837 1410 925 1484 est⁴.
939 1413 994 1482 Ad
1007 1414 1197 1506 exemplum

114 1553 154 1602 ee
168 1533 344 1602 modestiae
363 1549 430 1602 tuae
445 1535 666 1632 formaqernt,
683 1533 923 1627 cogitabatque
937 1546 1101 1624 quantum
1114 1547 1151 1598 tu
1163 1549 1198 1600 et

115 1665 359 1718 ornamentum
377 1665 513 1718 tuorum
531 1673 642 1732 esses,
663 1664 699 1718 et
714 1673 800 1718 onus
814 1642 839 1717 ⁵.
866 1648 1011 1720 Suffeeit
1033 1646 1092 1715 ille
1115 1648 1198 1716 huic

114 1769 275 1836 sarcinae.
289 1769 322 1838 Ο
335 1765 420 1835 dura
434 1767 514 1850 sata,
529 1782 563 1836 et
575 1765 679 1836 nullis
690 1789 787 1858 aequa
799 1763 1001 1836 virtutibus!
1016 1782 1198 1859 antequam

116 1885 320 1954 felicitatem
335 1905 428 1954 tuam
440 1901 555 1954 nosset
568 1885 772 1965 fratertuus,
787 1899 963 1977 exemptus
976 1900 1027 1951 eat
1037 1877 1063 1950 ⁶.
1074 1886 1199 1952 Parum

115 2016 235 2069 antem
248 2025 303 2070 me
318 2001 493 2095 indignari
507 2001 597 2069 acio:
613 1997 702 2068 nihii
714 2015 766 2066 est
778 2000 872 2068 enim
886 1999 1080 2083 difficilius,
1096 2023 1197 2091 quom

117 2139 248 2210 magno
272 2118 383 2186 dolori
406 2118 503 2211 paria
522 2117 627 2186 verba
650 2117 816 2208 reperire.
836 2117 910 2184 Jam
928 2140 1020 2184 nunc
1039 2132 1151 2184 tamen
1170 2116 1198 2181 si
1224 2100 1241 2168 4

117 2230 209 2324 quid
226 2233 395 2324 proficere
411 2255 608 2326 possumus,
628 2252 890 2324 conqueramur.
914 2257 930 2298 t
948 2233 1044 2324 Quid
1056 2233 1120 2300 tibi
1137 2257 1201 2300 vo-

121 2373 139 2412 »
163 2350 279 2432 luisti,
296 2365 365 2421 tam
379 2350 505 2441 injusta
521 2365 556 2417 et
570 2365 637 2416 tam
648 2348 799 2416 violenta
811 2351 837 2433 ⁷,
857 2349 992 2417 fortuna
1003 2351 1017 2417 t
1030 2351 1118 2418 Tam
1131 2350 1199 2418 cito

123 2497 140 2534 x
163 2469 389 2565 indulgentiae
408 2486 473 2545 tuae
492 2485 525 2538 te
542 2471 726 2563 poenituit?
742 2493 817 2562 quae
835 2472 899 2537 iota
922 2471 1106 2538 crudelitas
1118 2473 1199 2538 est?

157 2693 179 2724 ι.
195 2671 245 2724 Tu.
259 2671 370 2744 Polybi3
382 2672 493 2726 amicum
509 2692 579 2726 nnnc
592 2669 637 2723 al·
684 2674 762 2727 domo
785 2673 942 2748 imperatoris
964 2673 1167 2746 potentissimum
1187 2711 1195 2738 ,

119 2749 248 2822 loquitur,
256 2771 309 2803 non
321 2752 373 2824 jam
384 2754 520 2805 ionunxrn.
686 2752 756 2824 eujus
767 2751 908 2805 ministerio
919 2751 1039 2806 facillime
1056 2766 1139 2826 posset
1150 2756 1196 2807 ad-

156 2851 180 2880 2.
198 2827 255 2900 Qui
262 2833 306 2886 n'ec
316 2851 353 2884 ex
363 2831 637 2904 mdigm.......smtre.
687 2830 841 2882 versantium
851 2830 939 2884 odium
945 2827 1033 2884 ulcisci
1041 2832 1197 2886 antaemulox

121 2907 158 2960 fl.
170 2928 192 2960 e.
204 2908 304 2962 etiamsi
315 2910 432 2962 scelestus
443 2923 468 2962 et
481 2923 504 2962 te
515 2909 639 2982 indignus
687 2927 811 2980 superare.

121 2986 266 3058 aliqnando
283 2989 360 3042 frater
380 2988 527 3054 exstitisset,
541 3008 594 3040 non
605 2999 639 3040 ta·
721 2991 743 3040 5.
757 2985 839 3038 Onus.
848 2985 866 3036 1.
875 2984 898 3039 ei
905 2986 1076 3060 necessitatem
1090 2989 1128 3042 tui
1138 2987 1197 3042 imi·

121 3083 187 3117 nren
196 3065 265 3118 illins
272 3087 347 3120 consa
356 3067 401 3120 tihi
410 3067 496 3120 debuit
503 3087 555 3120 sors
568 3066 639 3120 dolo·
688 3065 759 3118 tandi
774 3065 925 3138 imposuisti.
949 3065 989 3117 De
1003 3066 1052 3120 hee
1063 3067 1090 3122 vi
1102 3073 1197 3134 oneris,

123 3163 181 3196 rem
191 3143 312 3214 injiceret
323 3165 425 3218 aequum
437 3159 497 3210 erat,
508 3145 529 3198 si
541 3167 595 3198 non
606 3141 641 3198 ob
687 3164 794 3198 onerare
802 3144 829 3196 in
839 3145 935 3198 Lexicis
947 3166 999 3197 non
1009 3147 1139 3200 observata
1147 3149 1198 3204 ele-

123 3219 206 3291 ipxins
216 3223 334 3278 virtutem
344 3264 352 3291 ,
364 3239 428 3278 certe
442 3225 475 3277 ob
485 3238 538 3278 tuas
548 3264 556 3291 ,
568 3223 640 3278 fratri
688 3220 802 3292 gantiore
820 3221 907 3274 confer
925 3221 950 3274 J·
962 3223 998 3276 M·
1010 3223 1198 3298 Heusingorum

123 3301 175 3352 sata
197 3322 305 3375 parcere.
327 3303 394 3356 Vide
412 3305 494 3366 inira,
520 3302 575 3356 eod.
595 3303 640 3372 §.:
688 3299 721 3352 ad
739 3299 820 3353 Cicer.
839 3301 869 3353 de
882 3297 959 3353 offic.
975 3301 1020 3354 lib.
1033 3303 1085 3364 lll,
1101 3325 1154 3378 cap.
1169 3325 1198 3370 2,

123 3391 210 3434 «tn...
219 3379 295 3432 etiam
302 3383 389 3434 minus
398 3381 464 3434 bono
471 3379 541 3434 fratri
552 3379 642 3433 fuisses
689 3375 869 3444 5,uhimu1u
882 3379 994 3452 exempla
1013 3401 1041 3432 ex
1059 3382 1144 3435 Plinio
1154 3383 1200 3454 ju-

122 3456 217 3510 bonne.
227 3480 240 3504 υ
688 3457 760 3510 niore
773 3457 876 3524 laudet,
893 3455 987 3512 Nostro
999 3471 1084 3512 tomen
1097 3475 1199 3534 preter·

158 3537 639 3606 3.1d0neammatertam.Quedo·
688 3538 773 3590 misso.
1184 3527 1191 3538 ⁶

123 3613 187 3667 ioris
205 3628 230 3667 et
249 3615 369 3671 desiderii
387 3618 528 3690 plurimum
549 3615 637 3668 animo
660 3619 667 3646 ¹
722 3615 745 3668 6.
757 3615 909 3683 Exemptus
919 3626 964 3669 est.
978 3615 1011 3668 fl.
1026 3638 1048 3670 e.
1060 3617 1199 3687 abreptus,

123 3691 288 3758 infunderet,
302 3694 363 3748 dum
383 3708 419 3748 tot
434 3710 459 3749 et
474 3708 554 3748 tantas
566 3694 637 3747 dotes
687 3705 822 3766 praereptus
832 3704 868 3744 est
878 3690 924 3744 hac
936 3703 1010 3745 terra.

125 3769 312 3836 reminisceris,
327 3784 364 3824 tot
376 3771 464 3846 optimi
477 3773 576 3846 ingenii
588 3786 637 3826 tes·
723 3793 744 3842 7.
765 3771 834 3822 Tam
850 3771 947 3834 injusto
962 3782 1057 3824 ettam
1072 3775 1197 3842 violenta,

125 3847 249 3914 limonia,
274 3851 475 3904 totseiicissimze
489 3849 583 3905 indolis
598 3851 638 3904 in·
677 3847 1198 3926 sort·Commacredidipostviolentoxp·

125 3941 198 3980 natas
208 3928 329 3996 virtutes,
345 3942 383 3982 tot
394 3949 449 4004 spes
459 3929 595 3984 intercisas.
686 3930 735 3982 tius
749 3927 859 4002 positum
871 3927 900 3980 iri
914 3946 989 3982 :nam
1002 3931 1095 4002 injusta
1105 3943 1130 3982 et
1142 3932 1199 3984 vio-

159 4007 185 4070 4.
201 4001 238 4058 Te
242 4005 389 4073 fratrem...
402 4013 519 4061 ”sinatus
530 4020 576 4061 est.
588 4009 639 4080 Ne·
688 4005 754 4059 lento
763 4026 815 4057 non
825 4005 853 4057 in
864 4005 979 4059 vocativo
988 4028 1061 4060 sensu
1070 4009 1199 4083 usurpavit
1238 4068 1243 4078 .

126 4085 639 4157 queunquam,siquandosuperbiretaut
688 4088 798 4151 Noster,
818 4085 861 4138 sed
881 4085 907 4138 in
930 4087 1104 4154 nominativo,
1126 4089 1198 4159 quasi

127 4159 286 4231 irasceretur,
299 4162 411 4234 aliquem
421 4164 506 4216 minax
517 4164 588 4236 jussit
598 4185 639 4218 re·
688 4164 788 4218 dixisset
800 4181 806 4214 :
819 4163 843 4214 Ο
860 4163 976 4227 fortuna,
991 4185 1046 4236 quae
1057 4179 1109 4219 tam
1118 4167 1200 4239 injus-

127 4237 227 4291 eoxdari
243 4239 291 4292 sibi
313 4255 401 4312 praesto
426 4263 476 4296 esse
492 4245 594 4296 fratrem
612 4243 638 4296 in
688 4257 713 4295 tx
728 4256 752 4295 et
764 4241 875 4294 violenta
885 4260 917 4295 es.
