2976 4950
388 511 486 584 LIB.
518 517 605 603 111,
632 515 740 586 CAP.
767 513 947 582 XXXII.
1139 515 1200 601 451

134 672 272 742 quoque
298 647 473 742 ingentem
500 643 789 716 circumfunderet
814 645 957 724 lamam,
983 647 1208 742 tenebrasque

135 766 297 834 natalium
313 789 452 835 snorum
466 765 558 834 clare
569 765 645 834 luce
656 757 869 849 discuteret,
886 788 956 832 non
974 764 1209 832 inestimabile

134 885 172 951 in
186 893 345 977 parentes
359 907 438 952 suos
450 879 656 952 beneficium
671 876 815 950 contulit
827 877 842 946 P
854 881 907 948 An
922 882 1098 974 quisquam
1112 885 1210 952 Aris·
1236 915 1250 946 2

135 1010 270 1066 tonem¹
290 1015 325 1067 et
343 998 501 1092 Gryllum
513 1003 540 1088 ²,
558 1000 625 1068 nisi
642 1013 783 1092 propter
796 997 1059 1089 Xenophontem
1073 1022 1115 1066 sc
1130 999 1213 1066 Pla-

137 1131 252 1184 tonem
268 1116 383 1198 filios,
405 1116 547 1184 nosset?
568 1115 834 1209 Sophroniscum
860 1115 1015 1183 Socrates
1041 1118 1213 1210 exspirare

135 1253 207 1299 nou
224 1233 364 1326 patitur.
388 1232 538 1300 Caeteros
558 1254 758 1300 enumerare
775 1230 911 1324 longum
929 1247 998 1314 est,
1018 1233 1077 1324 qui
1094 1233 1215 1300 vivunt

135 1346 183 1416 ob
202 1348 329 1418 nullam
345 1373 479 1417 causam
491 1349 616 1432 eliam,
635 1371 736 1442 quam
751 1346 844 1439 qnod
858 1347 933 1414 illos
947 1347 1133 1442 liberorum
1146 1351 1216 1416 exi·

138 1466 207 1532 mia
215 1466 325 1534 virtus
340 1464 483 1534 tradidit
495 1466 653 1559 postoris.
677 1466 798 1532 Utrum
814 1464 921 1557 majus
935 1462 1141 1536 beneficium
1156 1463 1215 1532 de-

137 1581 191 1649 dit
210 1567 258 1650 M.
280 1583 441 1676 Agrippae
466 1600 587 1677 pater,
620 1606 665 1650 ne
685 1597 761 1674 post
780 1581 968 1674 Agrippam
985 1582 1124 1674 quidem
1153 1607 1216 1650 no-

139 1689 215 1768 tus³
237 1726 244 1764 ι
265 1724 309 1768 an
327 1703 417 1794 patri
435 1700 531 1769 dedit
554 1702 734 1794 Agrippa,
759 1699 871 1766 navali
891 1723 1015 1768 corona
1043 1701 1213 1795 insignis,

137 1811 302 1885 unicum⁴
322 1817 466 1912 adeptus
484 1820 576 1888 inter
588 1817 678 1886 done
694 1817 856 1886 militaria
874 1815 1008 1886 decus?
1026 1821 1085 1910 qui
1108 1835 1157 1888 tot
1180 1821 1217 1888 in

125 1934 227 2020 ⁸urbe
245 1935 389 2004 maxims
406 1959 512 2029 opera
530 1934 691 2004 excitavit
702 1927 729 2013 ⁵,
751 1957 827 2025 quae
844 1948 878 2004 et
890 1935 1042 2027 priorem
1058 1937 1217 2030 magnili-

140 2051 289 2140 centiom
308 2052 485 2121 vincerent
503 2101 513 2133 ,
534 2066 570 2118 et
586 2048 681 2118 nulla
699 2065 816 2143 postea
833 2051 1078 2119 vincerentur?
1095 2047 1216 2120 Utrum
1247 2077 1263 2130 3

139 2159 328 2238 Οοῑεινίιιεὅ
349 2167 458 2260 majus
475 2166 582 2236 ullum
609 2166 815 2236 beneficium
834 2165 929 2235 dedit
947 2169 1038 2251 lilio,
1061 2194 1106 2238 sn
1128 2173 1218 2264 patri

139 2283 240 2352 divus
256 2285 452 2378 Augustus,
473 2285 627 2377 quamvis
649 2283 745 2350 illum
769 2281 891 2352 umbra
909 2284 1061 2378 adoptivi
1087 2289 1216 2380 lpatris

138 2401 348 2470 abscondit?
366 2402 539 2494 Quantam
554 2399 699 2494 cepisset
716 2399 923 2493 voluptatem
937 2451 947 2482 ‚
962 2403 991 2470 si
1008 2399 1128 2485 illum,
1144 2420 1219 2497 post

141 2517 312 2587 debellata
324 2541 418 2587 arma
432 2519 557 2601 civilis,
573 2515 713 2585 vidisset
726 2539 855 2586 secnrae
867 2519 943 2610 paci
957 2519 1214 2611 presidentem,

143 2659 215 2705 non
232 2658 420 2728 agnoscens
435 2632 563 2702 bonum
581 2657 702 2714 suum,
721 2657 787 2701 nec
801 2633 881 2702 satis
899 2615 1044 2702 credens
1061 2685 1070 2718 ,
1086 2640 1220 2730 quoties

142 2754 348 2846 respexisset
358 2751 402 2819 ad
416 2774 463 2832 se,
478 2752 627 2844 potuisse
640 2749 736 2817 illum
747 2751 856 2817 virum
872 2751 907 2817 in
922 2749 1023 2818 domo
1036 2774 1096 2820 sua
1110 2757 1222 2824 nasci?

142 2865 241 2958 Quid
262 2891 355 2936 nunc
373 2881 512 2935 caeteros
526 2889 737 2964 persequar,
758 2890 842 2957 quos
863 2865 935 2956 jam
959 2869 1220 2961 consumpsisset
1248 2888 1261 2953 4

181 3131 368 3185 chremem.
378 3133 461 3185 Aristo
468 3131 602 3186 Plutonem
611 3149 658 3204 ge-
708 3129 776 3194 htv,
787 3130 828 3182 δο-
837 3129 914 3182 cont.
923 3130 955 3182 sd
967 3130 1073 3202 Epistol
1085 3145 1165 3193 retr,
1179 3134 1219 3198 46.

144 3209 393 3264 nuilel'srietions.
740 3207 765 3258 ὅ.
789 3206 921 3260 Octavius.
947 3207 976 3260 C.
999 3208 1121 3262 Octavius
1144 3213 1219 3264 Octa-

179 3305 203 3338 s.
217 3285 349 3357 Gryllum.
363 3287 541 3362 Xenophontis
554 3288 596 3340 liic
608 3305 659 3362 ps-
707 3285 777 3338 visui
788 3297 867 3359 peter,
876 3304 964 3357 perum
976 3305 1021 3358 per
1033 3305 1059 3338 se
1075 3301 1162 3354 notus,
1175 3292 1219 3344 etsi

143 3379 183 3419 ter
200 3365 256 3418 fuis
272 3365 313 3418 et.
336 3365 434 3420 Febris.
452 3365 518 3420 Bibl.
538 3365 584 3420 Gr·
599 3365 659 3418 Vol.
708 3362 1047 3436 propretstinldssedonis
1057 3385 1126 3418 enno
1139 3368 1168 3420 U.
1187 3369 1219 3424 C.

143 3445 198 3506 lll,
209 3465 233 3517 p·
247 3463 276 3508 ι,
288 3459 313 3497 et
327 3464 351 3516 p.
366 3443 491 3514 570Hsrl.
709 3441 772 3513 694,
786 3440 876 3492 Bessos
890 3451 914 3492 st
926 3441 1038 3494 'l'lnrsess
1050 3443 1157 3508 vicerit,
1171 3447 1221 3498 lm-

180 3522 204 3574 3.
218 3523 261 3576 Νι
267 3534 464 3592 posr.....1wtus.
474 3523 514 3575 De
529 3521 575 3573 hsc
586 3519 660 3593 igno·
708 3520 878 3592 peratorisqus
890 3536 984 3571 nomen
996 3520 1142 3574 obtinuerit.

143 3599 244 3652 bilitsts
254 3601 374 3675 Agrippa
386 3599 660 3671 el.Senecspsterlih.
744 3615 767 3665 7·
793 3596 895 3649 Umbra
914 3599 1032 3664 adoptivi
1046 3603 1138 3667 patris.
1157 3601 1220 3654 Julii

144 3679 172 3732 11
185 3678 345 3734 Controvers·
356 3682 393 3734 lv
410 3679 658 3750 (X11)p.195.To.
709 3676 815 3730 cesaris
836 3675 904 3744 ,qui
922 3692 1011 3728 verntn
1034 3689 1059 3730 et
1080 3678 1221 3750 legitimum

145 3757 196 3812 111.
208 3755 327 3810 Gronov.
709 3765 805 3827 petrem
817 3753 954 3806 &lovium
968 3752 1093 3808 oblivioni
1106 3759 1157 3809 sere
1167 3770 1222 3812 tre-

180 3837 204 3902 4.
222 3834 341 3889 Unicum·
359 3835 381 3888 I.
396 3855 418 3887 e.
438 3835 661 3900 rorissimnmmt-
710 3833 783 3888 didit.
795 3833 972 3888 Nihilominus
988 3835 1018 3888 C.
1031 3837 1133 3890 Octavii
1148 3839 1222 3910 patris

144 3926 205 3986 pete
215 3914 285 3985 qnod
294 3912 362 3967 solus
371 3925 461 3986 protes·
473 3913 613 3988 Agrippum
622 3915 659 3966 Μ.
711 3916 833 3990 gsndiem
840 3933 965 3988 magnum
976 3914 1070 3978 fuisset,
1078 3931 1123 3970 ete.
1134 3920 1223 3993 lmsgo

144 3991 228 4044 Vsrro
243 3990 345 4064 accepit.
365 3989 433 4043 Plin.
449 3989 483 4042 ll.
498 3991 530 4042 N.
546 3992 590 4054 15,
604 3992 628 4057 4.
710 3994 823 4057 arboris,
836 4013 886 4064 qus
898 3995 976 4047 modo
987 4011 1045 4047 usus
1057 4006 1105 4057 est,
1120 3996 1224 4048 lortssm

181 4070 206 4122 5.
216 4069 434 4136 maximopere
446 4069 627 4123 excitavitltx.
638 4088 659 4122 e.
709 4068 770 4123 illes
787 4070 894 4142 Virgilii
906 4072 1000 4142 Georp.
1017 4073 1058 4137 ll,
1077 4075 1125 4138 82,
1140 4093 1225 4125 versos

145 4147 311 4216 eqneductus
328 4147 402 4211 (Dio
419 4145 487 4200 Cos.
497 4146 576 4211 le,
594 4148 659 4213 tn).
712 4150 772 4204 selis
791 4149 923 4216 celebres:
943 4173 957 4200 e
972 4152 1128 4223 Miraturque
1147 4171 1226 4206 noves

147 4224 270 4279 lssluenm
280 4225 433 4290 laconicum,
444 4245 531 4280 srenns
540 4226 666 4299 Neptuni,
717 4229 818 4281 frondes
829 4242 853 4281 et
863 4249 915 4281 non
926 4250 969 4283 sus
981 4248 1082 4303 pomsp·
1095 4232 1121 4284 iu
1133 4252 1228 4284 memo·

148 4302 301 4370 Pantheon,
318 4317 364 4358 ete.
381 4305 436 4358 Dio
451 4304 518 4360 Csss.
536 4305 610 4372 tht,
626 4323 670 4374 ¹7,
718 4305 924 4360 rismrevocsvit.
