<?xml version="1.0" encoding="UTF-8"?>
<!DOCTYPE html PUBLIC "-//W3C//DTD XHTML 1.0 Transitional//EN"
    "http://www.w3.org/TR/xhtml1/DTD/xhtml1-transitional.dtd">
<html xmlns="http://www.w3.org/1999/xhtml" xml:lang="en" lang="en">
 <head>
  <title>
</title>
<meta http-equiv="Content-Type" content="text/html;charset=utf-8" />
  <meta name='ocr-system' content='tesseract 3.04.00' />
  <meta name='ocr-capabilities' content='ocr_page ocr_carea ocr_par ocr_line ocrx_word'/>
</head>
<body>
  <div class='ocr_page' id='page_1' title='image "./lannsenecparspr02bouigoog_0110.png"; bbox 0 0 2990 4942; ppageno 0'>
   <div class='ocr_carea' id='block_1_1' title="bbox 492 530 1196 634">
    <p class='ocr_par' dir='ltr' id='par_1_1' title="bbox 492 530 1196 634">
     <span class='ocr_line' id='line_1_1' title="bbox 492 530 1196 634; baseline -0.007 -28"><span class='ocrx_word' id='word_1_1' title='bbox 492 532 664 606; x_wconf 70' lang='lat' dir='ltr'>escun</span> <span class='ocrx_word' id='word_1_2' title='bbox 699 530 829 604; x_wconf 78' lang='lat' dir='ltr'>xvir.</span> <span class='ocrx_word' id='word_1_3' title='bbox 1152 561 1196 634; x_wconf 69' lang='lat'>99</span> 
     </span>
    </p>
   </div>
   <div class='ocr_carea' id='block_1_2' title="bbox 129 668 1269 994">
    <p class='ocr_par' dir='ltr' id='par_1_2' title="bbox 129 668 1269 994">
     <span class='ocr_line' id='line_1_2' title="bbox 131 668 1196 764; baseline -0.005 -21"><span class='ocrx_word' id='word_1_4' title='bbox 131 699 221 743; x_wconf 79' lang='lat' dir='ltr'>curae</span> <span class='ocrx_word' id='word_1_5' title='bbox 249 692 314 740; x_wconf 78' lang='lat' dir='ltr'>tute</span> <span class='ocrx_word' id='word_1_6' title='bbox 340 695 402 764; x_wconf 83' lang='lat' dir='ltr'>pso</span> <span class='ocrx_word' id='word_1_7' title='bbox 425 669 570 736; x_wconf 82' lang='lat' dir='ltr'>indivise</span> <span class='ocrx_word' id='word_1_8' title='bbox 591 675 597 704; x_wconf 92' lang='lat'>¹</span> <span class='ocrx_word' id='word_1_9' title='bbox 626 669 876 736; x_wconf 71' lang='lat' dir='ltr'>transferuntur</span> <span class='ocrx_word' id='word_1_10' title='bbox 898 695 905 734; x_wconf 93' lang='lat'>:</span> <span class='ocrx_word' id='word_1_11' title='bbox 927 668 1021 738; x_wconf 78' lang='lat' dir='ltr'>illum</span> <span class='ocrx_word' id='word_1_12' title='bbox 1048 671 1196 738; x_wconf 72' lang='lat' dir='ltr'>smmum</span> 
     </span>
     <span class='ocr_line' id='line_1_3' title="bbox 129 782 1198 858; baseline -0.007 1"><span class='ocrx_word' id='word_1_13' title='bbox 129 791 285 858; x_wconf 79' lang='lat' dir='ltr'>omnibus</span> <span class='ocrx_word' id='word_1_14' title='bbox 299 788 397 857; x_wconf 84' lang='lat' dir='ltr'>nobis</span> <span class='ocrx_word' id='word_1_15' title='bbox 411 801 610 853; x_wconf 81' lang='lat' dir='ltr'>maternum.</span> <span class='ocrx_word' id='word_1_16' title='bbox 627 785 713 850; x_wconf 88' lang='lat' dir='ltr'>Cum</span> <span class='ocrx_word' id='word_1_17' title='bbox 729 782 792 850; x_wconf 79' lang='lat' dir='ltr'>bac</span> <span class='ocrx_word' id='word_1_18' title='bbox 806 800 842 850; x_wconf 89' lang='lat' dir='ltr'>tu</span> <span class='ocrx_word' id='word_1_19' title='bbox 860 783 1017 852; x_wconf 78' lang='lat' dir='ltr'>lacrimas</span> <span class='ocrx_word' id='word_1_20' title='bbox 1031 799 1104 852; x_wconf 79' lang='lat' dir='ltr'>tues</span> <span class='ocrx_word' id='word_1_21' title='bbox 1118 789 1198 852; x_wconf 72' lang='lat' dir='ltr'>mtr-</span> 
     </span>
     <span class='ocr_line' id='line_1_4' title="bbox 129 896 1269 994; baseline -0.008 -18"><span class='ocrx_word' id='word_1_22' title='bbox 129 910 228 976; x_wconf 87' lang='lat' dir='ltr'>cuisti</span> <span class='ocrx_word' id='word_1_23' title='bbox 241 935 251 992; x_wconf 70' lang='grc' dir='ltr'><strong>ς</strong></span> <span class='ocrx_word' id='word_1_24' title='bbox 265 911 300 974; x_wconf 85' lang='lat' dir='ltr'>in</span> <span class='ocrx_word' id='word_1_25' title='bbox 313 907 378 974; x_wconf 75' lang='lat' dir='ltr'>hec</span> <span class='ocrx_word' id='word_1_26' title='bbox 391 912 429 970; x_wconf 80' lang='lat' dir='ltr'>tsi</span> <span class='ocrx_word' id='word_1_27' title='bbox 443 903 588 994; x_wconf 83' lang='lat' dir='ltr'>primum</span> <span class='ocrx_word' id='word_1_28' title='bbox 605 899 779 992; x_wconf 69' lang='lat' dir='ltr'>respirasti</span> <span class='ocrx_word' id='word_1_29' title='bbox 791 905 817 964; x_wconf 91' lang='lat'>².</span> <span class='ocrx_word' id='word_1_30' title='bbox 833 900 894 967; x_wconf 74' lang='lat' dir='ltr'>lna</span> <span class='ocrx_word' id='word_1_31' title='bbox 910 899 1046 992; x_wconf 86' lang='lat' dir='ltr'>quidem</span> <span class='ocrx_word' id='word_1_32' title='bbox 1060 902 1198 972; x_wconf 78' lang='lat' dir='ltr'>effeetus</span> <span class='ocrx_word' id='word_1_33' title='bbox 1264 896 1269 904; x_wconf 63' lang='grc'><em>“</em></span> 
     </span>
    </p>
   </div>
   <div class='ocr_carea' id='block_1_3' title="bbox 130 1116 1228 2288">
    <p class='ocr_par' dir='ltr' id='par_1_3' title="bbox 130 1116 1228 2288">
     <span class='ocr_line' id='line_1_5' title="bbox 132 1116 1199 1196; baseline -0.002 -21"><span class='ocrx_word' id='word_1_34' title='bbox 132 1126 209 1196; x_wconf 88' lang='lat' dir='ltr'>nique</span> <span class='ocrx_word' id='word_1_35' title='bbox 222 1133 309 1196; x_wconf 75' lang='lat' dir='ltr'>reget,</span> <span class='ocrx_word' id='word_1_36' title='bbox 327 1133 355 1174; x_wconf 92' lang='lat' dir='ltr'>ut</span> <span class='ocrx_word' id='word_1_37' title='bbox 365 1119 397 1172; x_wconf 86' lang='lat' dir='ltr'>sd</span> <span class='ocrx_word' id='word_1_38' title='bbox 407 1140 433 1171; x_wconf 90' lang='lat' dir='ltr'>se</span> <span class='ocrx_word' id='word_1_39' title='bbox 442 1117 549 1172; x_wconf 83' lang='lat' dir='ltr'>subinde</span> <span class='ocrx_word' id='word_1_40' title='bbox 561 1136 641 1174; x_wconf 83' lang='lat' dir='ltr'>recur-</span> <span class='ocrx_word' id='word_1_41' title='bbox 688 1116 781 1170; x_wconf 81' lang='lat' dir='ltr'>Strsbo</span> <span class='ocrx_word' id='word_1_42' title='bbox 798 1130 866 1188; x_wconf 86' lang='lat' dir='ltr'>peter</span> <span class='ocrx_word' id='word_1_43' title='bbox 875 1119 902 1170; x_wconf 83' lang='lat' dir='ltr'>L</span> <span class='ocrx_word' id='word_1_44' title='bbox 916 1119 983 1172; x_wconf 82' lang='lat' dir='ltr'>AElii</span> <span class='ocrx_word' id='word_1_45' title='bbox 996 1119 1083 1190; x_wconf 76' lang='lat' dir='ltr'>Sejsui</span> <span class='ocrx_word' id='word_1_46' title='bbox 1094 1124 1199 1194; x_wconf 73' lang='lat' dir='ltr'>prestec-</span> 
     </span>
     <span class='ocr_line' id='line_1_6' title="bbox 130 1196 1196 1272; baseline -0.001 -17"><span class='ocrx_word' id='word_1_47' title='bbox 130 1216 184 1268; x_wconf 78' lang='grc' dir='ltr'>ιιι,</span> <span class='ocrx_word' id='word_1_48' title='bbox 199 1213 223 1254; x_wconf 89' lang='lat' dir='ltr'>et</span> <span class='ocrx_word' id='word_1_49' title='bbox 236 1201 322 1253; x_wconf 67' lang='lat' dir='ltr'>letum</span> <span class='ocrx_word' id='word_1_50' title='bbox 335 1199 491 1268; x_wconf 75' lang='lat' dir='ltr'>alacremque</span> <span class='ocrx_word' id='word_1_51' title='bbox 504 1196 642 1268; x_wconf 79' lang='lat' dir='ltr'>cogitct-</span> <span class='ocrx_word' id='word_1_52' title='bbox 688 1209 770 1249; x_wconf 89' lang='lat' dir='ltr'>turam</span> <span class='ocrx_word' id='word_1_53' title='bbox 782 1198 889 1272; x_wconf 75' lang='lat' dir='ltr'>AEgypti</span> <span class='ocrx_word' id='word_1_54' title='bbox 901 1211 989 1252; x_wconf 82' lang='lat' dir='ltr'>nectus</span> <span class='ocrx_word' id='word_1_55' title='bbox 1002 1219 1054 1254; x_wconf 89' lang='lat' dir='ltr'>csse</span> <span class='ocrx_word' id='word_1_56' title='bbox 1066 1214 1196 1263; x_wconf 86' lang='lat' dir='ltr'>nsrrstnr;</span> 
     </span>
     <span class='ocr_line' id='line_1_7' title="bbox 131 1271 1198 1347; baseline 0 -15"><span class='ocrx_word' id='word_1_57' title='bbox 131 1279 284 1342; x_wconf 79' lang='lat' dir='ltr'>bisterters,</span> <span class='ocrx_word' id='word_1_58' title='bbox 299 1276 371 1347; x_wconf 72' lang='lat' dir='ltr'>cuius</span> <span class='ocrx_word' id='word_1_59' title='bbox 383 1275 432 1326; x_wconf 90' lang='lat' dir='ltr'>boc</span> <span class='ocrx_word' id='word_1_60' title='bbox 444 1273 523 1346; x_wconf 88' lang='lat' dir='ltr'>capite</span> <span class='ocrx_word' id='word_1_61' title='bbox 531 1271 641 1324; x_wconf 89' lang='lat' dir='ltr'>mentio·</span> <span class='ocrx_word' id='word_1_62' title='bbox 688 1273 758 1326; x_wconf 87' lang='lat' dir='ltr'>unde</span> <span class='ocrx_word' id='word_1_63' title='bbox 769 1285 833 1328; x_wconf 88' lang='lat' dir='ltr'>certe</span> <span class='ocrx_word' id='word_1_64' title='bbox 853 1276 979 1347; x_wconf 85' lang='lat' dir='ltr'>seqnitur,</span> <span class='ocrx_word' id='word_1_65' title='bbox 999 1274 1107 1330; x_wconf 78' lang='lat' dir='ltr'>AEmilio</span> <span class='ocrx_word' id='word_1_66' title='bbox 1120 1279 1198 1332; x_wconf 79' lang='lat' dir='ltr'>Recto</span> 
     </span>
     <span class='ocr_line' id='line_1_8' title="bbox 133 1350 1198 1422; baseline 0 -14"><span class='ocrx_word' id='word_1_67' title='bbox 133 1376 192 1408; x_wconf 85' lang='lat' dir='ltr'>nens</span> <span class='ocrx_word' id='word_1_68' title='bbox 212 1369 264 1408; x_wconf 87' lang='lat' dir='ltr'>tans</span> <span class='ocrx_word' id='word_1_69' title='bbox 283 1350 451 1406; x_wconf 76' lang='lat' dir='ltr'>honorificem</span> <span class='ocrx_word' id='word_1_70' title='bbox 472 1351 549 1414; x_wconf 57' lang='lat' dir='ltr'>iacite</span> <span class='ocrx_word' id='word_1_71' title='bbox 571 1371 641 1422; x_wconf 87' lang='lat' dir='ltr'>nup·</span> <span class='ocrx_word' id='word_1_72' title='bbox 689 1352 740 1406; x_wconf 79' lang='lat' dir='ltr'>rite</span> <span class='ocrx_word' id='word_1_73' title='bbox 761 1355 848 1420; x_wconf 74' lang='lat' dir='ltr'>functo</span> <span class='ocrx_word' id='word_1_74' title='bbox 869 1371 920 1406; x_wconf 87' lang='lat' dir='ltr'>non</span> <span class='ocrx_word' id='word_1_75' title='bbox 941 1354 1025 1408; x_wconf 85' lang='lat' dir='ltr'>statim</span> <span class='ocrx_word' id='word_1_76' title='bbox 1055 1357 1198 1414; x_wconf 68' lang='lat' dir='ltr'>tuccmisse</span> 
     </span>
     <span class='ocr_line' id='line_1_9' title="bbox 131 1425 1198 1500; baseline 0 -14"><span class='ocrx_word' id='word_1_77' title='bbox 131 1435 181 1500; x_wconf 88' lang='lat' dir='ltr'>sit,</span> <span class='ocrx_word' id='word_1_78' title='bbox 195 1447 225 1486; x_wconf 92' lang='lat' dir='ltr'>nt</span> <span class='ocrx_word' id='word_1_79' title='bbox 236 1432 358 1493; x_wconf 87' lang='lat' dir='ltr'>videtur,</span> <span class='ocrx_word' id='word_1_80' title='bbox 378 1427 490 1481; x_wconf 77' lang='lat' dir='ltr'>Vetrasio</span> <span class='ocrx_word' id='word_1_81' title='bbox 508 1425 639 1488; x_wconf 66' lang='lat' dir='ltr'>Pollioni.</span> <span class='ocrx_word' id='word_1_82' title='bbox 691 1432 830 1484; x_wconf 82' lang='lat' dir='ltr'>Vetrasiuru</span> <span class='ocrx_word' id='word_1_83' title='bbox 853 1432 1013 1493; x_wconf 84' lang='lat' dir='ltr'>Pollionem,</span> <span class='ocrx_word' id='word_1_84' title='bbox 1041 1433 1084 1485; x_wconf 89' lang='lat' dir='ltr'>sed</span> <span class='ocrx_word' id='word_1_85' title='bbox 1112 1433 1198 1486; x_wconf 86' lang='lat' dir='ltr'>Seium</span> 
     </span>
     <span class='ocr_line' id='line_1_10' title="bbox 132 1504 1200 1585; baseline 0 -21"><span class='ocrx_word' id='word_1_86' title='bbox 132 1531 245 1584; x_wconf 83' lang='lat' dir='ltr'>quocum</span> <span class='ocrx_word' id='word_1_87' title='bbox 266 1521 350 1584; x_wconf 86' lang='lat' dir='ltr'>postea</span> <span class='ocrx_word' id='word_1_88' title='bbox 370 1507 397 1560; x_wconf 91' lang='lat' dir='ltr'>in</span> <span class='ocrx_word' id='word_1_89' title='bbox 418 1507 549 1579; x_wconf 64' lang='lat' dir='ltr'>Emito,</span> <span class='ocrx_word' id='word_1_90' title='bbox 572 1504 642 1577; x_wconf 75' lang='lat' dir='ltr'>cujus</span> <span class='ocrx_word' id='word_1_91' title='bbox 690 1509 849 1562; x_wconf 75' lang='lat' dir='ltr'>Strabonem.</span> <span class='ocrx_word' id='word_1_92' title='bbox 862 1510 949 1578; x_wconf 84' lang='lat' dir='ltr'>Quum</span> <span class='ocrx_word' id='word_1_93' title='bbox 961 1523 1045 1563; x_wconf 82' lang='lat' dir='ltr'>tamen</span> <span class='ocrx_word' id='word_1_94' title='bbox 1056 1512 1200 1585; x_wconf 74' lang='lat' dir='ltr'>pe&#39;steaejus</span> 
     </span>
     <span class='ocr_line' id='line_1_11' title="bbox 133 1585 1200 1666; baseline 0 -24"><span class='ocrx_word' id='word_1_95' title='bbox 133 1589 278 1662; x_wconf 60' lang='lat' dir='ltr'>presidium</span> <span class='ocrx_word' id='word_1_96' title='bbox 299 1607 342 1660; x_wconf 85' lang='lat' dir='ltr'>pcc</span> <span class='ocrx_word' id='word_1_97' title='bbox 360 1585 469 1638; x_wconf 87' lang='lat' dir='ltr'>sedecim</span> <span class='ocrx_word' id='word_1_98' title='bbox 487 1601 568 1636; x_wconf 84' lang='lat' dir='ltr'>annus</span> <span class='ocrx_word' id='word_1_99' title='bbox 590 1603 643 1656; x_wconf 68' lang='lat' dir='ltr'>qes-</span> <span class='ocrx_word' id='word_1_100' title='bbox 690 1587 868 1642; x_wconf 86' lang='lat' dir='ltr'>nullamentio</span> <span class='ocrx_word' id='word_1_101' title='bbox 884 1589 950 1640; x_wconf 77' lang='lat' dir='ltr'>iacta</span> <span class='ocrx_word' id='word_1_102' title='bbox 961 1588 1008 1654; x_wconf 87' lang='lat' dir='ltr'>sit,</span> <span class='ocrx_word' id='word_1_103' title='bbox 1027 1609 1074 1642; x_wconf 87' lang='lat' dir='ltr'>uec</span> <span class='ocrx_word' id='word_1_104' title='bbox 1084 1603 1200 1666; x_wconf 81' lang='lat' dir='ltr'>oppresso</span> 
     </span>
     <span class='ocr_line' id='line_1_12' title="bbox 133 1659 1228 1737; baseline -0.002 -18"><span class='ocrx_word' id='word_1_105' title='bbox 133 1681 216 1732; x_wconf 86' lang='lat' dir='ltr'>serat,</span> <span class='ocrx_word' id='word_1_106' title='bbox 237 1667 268 1719; x_wconf 83' lang='lat' dir='ltr'>sb</span> <span class='ocrx_word' id='word_1_107' title='bbox 282 1685 305 1718; x_wconf 85' lang='lat' dir='ltr'>s.</span> <span class='ocrx_word' id='word_1_108' title='bbox 315 1665 348 1716; x_wconf 87' lang='lat' dir='ltr'>U.</span> <span class='ocrx_word' id='word_1_109' title='bbox 364 1664 393 1715; x_wconf 85' lang='lat' dir='ltr'>C.</span> <span class='ocrx_word' id='word_1_110' title='bbox 406 1663 455 1735; x_wconf 71' lang='lat'>789</span> <span class='ocrx_word' id='word_1_111' title='bbox 467 1681 547 1733; x_wconf 77' lang='lat' dir='ltr'>utque</span> <span class='ocrx_word' id='word_1_112' title='bbox 558 1659 590 1712; x_wconf 69' lang='lat' dir='ltr'>td</span> <span class='ocrx_word' id='word_1_113' title='bbox 601 1681 642 1713; x_wconf 63' lang='grc' dir='ltr'>ιη.</span> <span class='ocrx_word' id='word_1_114' title='bbox 690 1665 792 1737; x_wconf 90' lang='lat' dir='ltr'>quidem</span> <span class='ocrx_word' id='word_1_115' title='bbox 803 1663 869 1730; x_wconf 86' lang='lat' dir='ltr'>fitio,</span> <span class='ocrx_word' id='word_1_116' title='bbox 888 1665 955 1716; x_wconf 86' lang='lat' dir='ltr'>haud</span> <span class='ocrx_word' id='word_1_117' title='bbox 976 1679 1070 1719; x_wconf 90' lang='lat' dir='ltr'>temere</span> <span class='ocrx_word' id='word_1_118' title='bbox 1081 1666 1200 1719; x_wconf 85' lang='lat' dir='ltr'>concludi</span> <span class='ocrx_word' id='word_1_119' title='bbox 1215 1670 1228 1682; x_wconf 65' lang='lat'>⁸</span> 
     </span>
     <span class='ocr_line' id='line_1_13' title="bbox 135 1738 1202 1818; baseline 0 -20"><span class='ocrx_word' id='word_1_120' title='bbox 135 1745 194 1814; x_wconf 81' lang='lat'><strong>785,</strong></span> <span class='ocrx_word' id='word_1_121' title='bbox 203 1755 357 1797; x_wconf 85' lang='lat' dir='ltr'>commorata</span> <span class='ocrx_word' id='word_1_122' title='bbox 369 1753 430 1796; x_wconf 80' lang='lat' dir='ltr'>erat.</span> <span class='ocrx_word' id='word_1_123' title='bbox 439 1738 529 1791; x_wconf 85' lang='lat' dir='ltr'>marito</span> <span class='ocrx_word' id='word_1_124' title='bbox 541 1739 591 1791; x_wconf 88' lang='lat' dir='ltr'>vita</span> <span class='ocrx_word' id='word_1_125' title='bbox 602 1741 643 1792; x_wconf 89' lang='lat' dir='ltr'>de·</span> <span class='ocrx_word' id='word_1_126' title='bbox 691 1745 782 1818; x_wconf 87' lang='lat' dir='ltr'>possit,</span> <span class='ocrx_word' id='word_1_127' title='bbox 797 1765 839 1816; x_wconf 90' lang='lat' dir='ltr'>per</span> <span class='ocrx_word' id='word_1_128' title='bbox 852 1764 947 1796; x_wconf 86' lang='lat' dir='ltr'>sunum</span> <span class='ocrx_word' id='word_1_129' title='bbox 961 1741 1031 1808; x_wconf 80' lang='lat' dir='ltr'>fere,</span> <span class='ocrx_word' id='word_1_130' title='bbox 1047 1757 1070 1796; x_wconf 88' lang='lat' dir='ltr'>et</span> <span class='ocrx_word' id='word_1_131' title='bbox 1082 1747 1149 1816; x_wconf 89' lang='lat' dir='ltr'>quud</span> <span class='ocrx_word' id='word_1_132' title='bbox 1161 1767 1202 1798; x_wconf 84' lang='lat' dir='ltr'>er-</span> 
     </span>
     <span class='ocr_line' id='line_1_14' title="bbox 133 1817 1201 1896; baseline 0 -20"><span class='ocrx_word' id='word_1_133' title='bbox 133 1825 224 1876; x_wconf 75' lang='lat' dir='ltr'>fnncte</span> <span class='ocrx_word' id='word_1_134' title='bbox 239 1823 266 1874; x_wconf 84' lang='lat' dir='ltr'>iu</span> <span class='ocrx_word' id='word_1_135' title='bbox 277 1820 440 1893; x_wconf 74' lang='lat' dir='ltr'>naviqstione</span> <span class='ocrx_word' id='word_1_136' title='bbox 449 1860 456 1885; x_wconf 86' lang='lat'><strong>‚</strong></span> <span class='ocrx_word' id='word_1_137' title='bbox 464 1819 480 1872; x_wconf 74' lang='lat' dir='ltr'>‘e</span> <span class='ocrx_word' id='word_1_138' title='bbox 489 1839 511 1872; x_wconf 88' lang='lat' dir='ltr'>e.</span> <span class='ocrx_word' id='word_1_139' title='bbox 521 1819 548 1870; x_wconf 92' lang='lat' dir='ltr'>in</span> <span class='ocrx_word' id='word_1_140' title='bbox 559 1817 642 1872; x_wconf 85' lang='lat' dir='ltr'>reditu</span> <span class='ocrx_word' id='word_1_141' title='bbox 689 1823 782 1886; x_wconf 82' lang='lat' dir='ltr'>currit,</span> <span class='ocrx_word' id='word_1_142' title='bbox 794 1821 867 1875; x_wconf 84' lang='lat' dir='ltr'>iilum</span> <span class='ocrx_word' id='word_1_143' title='bbox 874 1823 1017 1896; x_wconf 71' lang='lat' dir='ltr'>AEgyptnm</span> <span class='ocrx_word' id='word_1_144' title='bbox 1026 1823 1201 1889; x_wconf 82' lang='lat' dir='ltr'>tantummodo</span> 
     </span>
     <span class='ocr_line' id='line_1_15' title="bbox 133 1896 1201 1976; baseline 0 -22"><span class='ocrx_word' id='word_1_145' title='bbox 133 1901 326 1976; x_wconf 74' lang='lat' dir='ltr'>exprtiectnra.</span> <span class='ocrx_word' id='word_1_146' title='bbox 346 1897 435 1950; x_wconf 73' lang='lat' dir='ltr'>Postea</span> <span class='ocrx_word' id='word_1_147' title='bbox 446 1897 643 1950; x_wconf 74' lang='lat' dir='ltr'>sedessuasfixit</span> <span class='ocrx_word' id='word_1_148' title='bbox 690 1901 835 1954; x_wconf 75' lang='lat' dir='ltr'>obtinuisse.</span> <span class='ocrx_word' id='word_1_149' title='bbox 851 1901 934 1956; x_wconf 78' lang='lat' dir='ltr'>Altera</span> <span class='ocrx_word' id='word_1_150' title='bbox 952 1900 1060 1972; x_wconf 80' lang='lat' dir='ltr'>objectio</span> <span class='ocrx_word' id='word_1_151' title='bbox 1078 1901 1110 1954; x_wconf 86' lang='lat' dir='ltr'>ab</span> <span class='ocrx_word' id='word_1_152' title='bbox 1131 1896 1201 1956; x_wconf 76' lang='lat' dir='ltr'>retste</span> 
     </span>
     <span class='ocr_line' id='line_1_16' title="bbox 132 1975 1202 2054; baseline 0.001 -21"><span class='ocrx_word' id='word_1_153' title='bbox 132 1975 427 2043; x_wconf 71' lang='lat' dir='ltr'>Romoe,et8enecsm,</span> <span class='ocrx_word' id='word_1_154' title='bbox 441 1987 557 2050; x_wconf 86' lang='lat' dir='ltr'>nepotem</span> <span class='ocrx_word' id='word_1_155' title='bbox 568 1995 641 2029; x_wconf 91' lang='lat' dir='ltr'>suum</span> <span class='ocrx_word' id='word_1_156' title='bbox 691 1979 796 2032; x_wconf 80' lang='lat' dir='ltr'>Senccse</span> <span class='ocrx_word' id='word_1_157' title='bbox 814 1977 866 2054; x_wconf 89' lang='lat' dir='ltr'>peti</span> <span class='ocrx_word' id='word_1_158' title='bbox 883 1993 970 2052; x_wconf 84' lang='lat' dir='ltr'>potest.</span> <span class='ocrx_word' id='word_1_159' title='bbox 991 1978 1019 2030; x_wconf 86' lang='lat' dir='ltr'>Si</span> <span class='ocrx_word' id='word_1_160' title='bbox 1043 1980 1111 2032; x_wconf 84' lang='lat' dir='ltr'>enim</span> <span class='ocrx_word' id='word_1_161' title='bbox 1131 1981 1202 2034; x_wconf 77' lang='lat' dir='ltr'>Vetr.</span> 
     </span>
     <span class='ocr_line' id='line_1_17' title="bbox 133 2054 1202 2132; baseline 0.001 -21"><span class='ocrx_word' id='word_1_162' title='bbox 133 2077 275 2121; x_wconf 74' lang='lat' dir='ltr'>exserere,</span> <span class='ocrx_word' id='word_1_163' title='bbox 286 2075 363 2126; x_wconf 87' lang='lat' dir='ltr'>quem</span> <span class='ocrx_word' id='word_1_164' title='bbox 376 2055 427 2127; x_wconf 79' lang='lat' dir='ltr'>jam</span> <span class='ocrx_word' id='word_1_165' title='bbox 438 2066 495 2106; x_wconf 85' lang='lat' dir='ltr'>ante</span> <span class='ocrx_word' id='word_1_166' title='bbox 506 2054 553 2108; x_wconf 85' lang='lat' dir='ltr'>iter</span> <span class='ocrx_word' id='word_1_167' title='bbox 562 2055 590 2108; x_wconf 91' lang='lat' dir='ltr'>in</span> <span class='ocrx_word' id='word_1_168' title='bbox 596 2055 642 2108; x_wconf 70' lang='grc' dir='ltr'>Ε·</span> <span class='ocrx_word' id='word_1_169' title='bbox 692 2056 776 2110; x_wconf 80' lang='lat' dir='ltr'>Pollio</span> <span class='ocrx_word' id='word_1_170' title='bbox 791 2059 878 2110; x_wconf 86' lang='lat' dir='ltr'>Nostri</span> <span class='ocrx_word' id='word_1_171' title='bbox 894 2057 1032 2112; x_wconf 83' lang='lat' dir='ltr'>svuncnius</span> <span class='ocrx_word' id='word_1_172' title='bbox 1048 2058 1112 2124; x_wconf 82' lang='lat' dir='ltr'>tuis,</span> <span class='ocrx_word' id='word_1_173' title='bbox 1130 2061 1202 2132; x_wconf 87' lang='lat' dir='ltr'>sequi</span> 
     </span>
     <span class='ocr_line' id='line_1_18' title="bbox 134 2133 1203 2210; baseline -0.001 -21"><span class='ocrx_word' id='word_1_174' title='bbox 134 2151 242 2210; x_wconf 73' lang='lat' dir='ltr'>gyptum</span> <span class='ocrx_word' id='word_1_175' title='bbox 261 2135 333 2188; x_wconf 85' lang='lat' dir='ltr'>omni</span> <span class='ocrx_word' id='word_1_176' title='bbox 349 2153 374 2186; x_wconf 90' lang='lat' dir='ltr'>re</span> <span class='ocrx_word' id='word_1_177' title='bbox 392 2133 504 2204; x_wconf 77' lang='lat' dir='ltr'>juverat,</span> <span class='ocrx_word' id='word_1_178' title='bbox 518 2145 664 2205; x_wconf 66' lang='lat' dir='ltr'>egestam.</span> <span class='ocrx_word' id='word_1_179' title='bbox 690 2133 805 2198; x_wconf 85' lang='lat' dir='ltr'>videtur,</span> <span class='ocrx_word' id='word_1_180' title='bbox 833 2135 955 2187; x_wconf 84' lang='lat' dir='ltr'>Senecam</span> <span class='ocrx_word' id='word_1_181' title='bbox 979 2134 1083 2207; x_wconf 75' lang='lat' dir='ltr'>triginta</span> <span class='ocrx_word' id='word_1_182' title='bbox 1105 2136 1203 2188; x_wconf 88' lang='lat' dir='ltr'>circiter</span> 
     </span>
     <span class='ocr_line' id='line_1_19' title="bbox 134 2209 1203 2288; baseline 0 -22"><span class='ocrx_word' id='word_1_183' title='bbox 134 2227 186 2266; x_wconf 84' lang='lat' dir='ltr'>tem</span> <span class='ocrx_word' id='word_1_184' title='bbox 199 2209 350 2278; x_wconf 76' lang='lat' dir='ltr'>sublevavit,</span> <span class='ocrx_word' id='word_1_185' title='bbox 361 2222 512 2281; x_wconf 63' lang='lat' dir='ltr'>quastnrsm</span> <span class='ocrx_word' id='word_1_186' title='bbox 522 2210 642 2262; x_wconf 74' lang='lat' dir='ltr'>ambienti</span> <span class='ocrx_word' id='word_1_187' title='bbox 691 2229 771 2266; x_wconf 85' lang='lat' dir='ltr'>annos</span> <span class='ocrx_word' id='word_1_188' title='bbox 783 2225 869 2266; x_wconf 82' lang='lat' dir='ltr'>natsrm</span> <span class='ocrx_word' id='word_1_189' title='bbox 889 2211 1007 2265; x_wconf 72' lang='lat' dir='ltr'>Corduba</span> <span class='ocrx_word' id='word_1_190' title='bbox 1024 2213 1133 2266; x_wconf 79' lang='lat' dir='ltr'>Rumam</span> <span class='ocrx_word' id='word_1_191' title='bbox 1144 2233 1203 2288; x_wconf 90' lang='lat' dir='ltr'>per-</span> 
     </span>
    </p>
   </div>
   <div class='ocr_carea' id='block_1_4' title="bbox 134 2289 1306 2366">
    <p class='ocr_par' dir='ltr' id='par_1_4' title="bbox 134 2289 1306 2366">
     <span class='ocr_line' id='line_1_20' title="bbox 134 2289 1306 2366; baseline 0.003 -22"><span class='ocrx_word' id='word_1_192' title='bbox 134 2293 284 2348; x_wconf 81' lang='lat' dir='ltr'>suetnritate</span> <span class='ocrx_word' id='word_1_193' title='bbox 295 2311 338 2344; x_wconf 82' lang='lat' dir='ltr'>sus</span> <span class='ocrx_word' id='word_1_194' title='bbox 351 2289 444 2344; x_wconf 81' lang='lat' dir='ltr'>anxilio</span> <span class='ocrx_word' id='word_1_195' title='bbox 452 2289 643 2344; x_wconf 72' lang='lat' dir='ltr'>init.DeSene-</span> <span class='ocrx_word' id='word_1_196' title='bbox 691 2292 892 2364; x_wconf 79' lang='lat' dir='ltr'>venisse‚qnod</span> <span class='ocrx_word' id='word_1_197' title='bbox 903 2305 987 2345; x_wconf 88' lang='lat' dir='ltr'>tamen</span> <span class='ocrx_word' id='word_1_198' title='bbox 996 2293 1018 2362; x_wconf 70' lang='lat' dir='ltr'>S</span> <span class='ocrx_word' id='word_1_199' title='bbox 1037 2305 1046 2344; x_wconf 89' lang='lat' dir='ltr'>t</span> <span class='ocrx_word' id='word_1_200' title='bbox 1065 2291 1141 2364; x_wconf 71' lang='lat' dir='ltr'>buius</span> <span class='ocrx_word' id='word_1_201' title='bbox 1149 2313 1202 2366; x_wconf 73' lang='lat' dir='ltr'>cap·</span> <span class='ocrx_word' id='word_1_202' title='bbox 1303 2311 1306 2318; x_wconf 82' lang='grc'><strong>“</strong></span> 
     </span>
    </p>
   </div>
   <div class='ocr_carea' id='block_1_5' title="bbox 129 2367 1231 4396">
    <p class='ocr_par' dir='ltr' id='par_1_5' title="bbox 131 2367 1231 3694">
     <span class='ocr_line' id='line_1_21' title="bbox 134 2367 1202 2443; baseline 0.001 -19"><span class='ocrx_word' id='word_1_203' title='bbox 134 2370 323 2433; x_wconf 74' lang='lat' dir='ltr'>raesvuncnlo,</span> <span class='ocrx_word' id='word_1_204' title='bbox 336 2369 381 2440; x_wconf 91' lang='lat' dir='ltr'>qni</span> <span class='ocrx_word' id='word_1_205' title='bbox 395 2367 444 2421; x_wconf 89' lang='lat' dir='ltr'>buc</span> <span class='ocrx_word' id='word_1_206' title='bbox 457 2368 536 2440; x_wconf 90' lang='lat' dir='ltr'>capite</span> <span class='ocrx_word' id='word_1_207' title='bbox 547 2387 644 2420; x_wconf 86' lang='lat' dir='ltr'>memo·</span> <span class='ocrx_word' id='word_1_208' title='bbox 691 2389 782 2443; x_wconf 86' lang='lat' dir='ltr'>parum</span> <span class='ocrx_word' id='word_1_209' title='bbox 793 2369 936 2424; x_wconf 84' lang='lat' dir='ltr'>conveniat.</span> <span class='ocrx_word' id='word_1_210' title='bbox 952 2370 1092 2424; x_wconf 84' lang='lat' dir='ltr'>Enimvero</span> <span class='ocrx_word' id='word_1_211' title='bbox 1108 2385 1133 2423; x_wconf 89' lang='lat' dir='ltr'>et</span> <span class='ocrx_word' id='word_1_212' title='bbox 1143 2371 1202 2426; x_wconf 90' lang='lat' dir='ltr'>bnic</span> 
     </span>
     <span class='ocr_line' id='line_1_22' title="bbox 135 2446 1202 2522; baseline -0.001 -19"><span class='ocrx_word' id='word_1_213' title='bbox 135 2465 215 2516; x_wconf 84' lang='lat' dir='ltr'>ratus,</span> <span class='ocrx_word' id='word_1_214' title='bbox 226 2448 368 2520; x_wconf 72' lang='lat' dir='ltr'>disquisitio</span> <span class='ocrx_word' id='word_1_215' title='bbox 375 2447 454 2521; x_wconf 78' lang='lat' dir='ltr'>Lipsii</span> <span class='ocrx_word' id='word_1_216' title='bbox 464 2447 495 2500; x_wconf 89' lang='lat' dir='ltr'>sd</span> <span class='ocrx_word' id='word_1_217' title='bbox 503 2449 526 2518; x_wconf 70' lang='lat' dir='ltr'>S.</span> <span class='ocrx_word' id='word_1_218' title='bbox 534 2451 550 2515; x_wconf 72' lang='grc'><em>4</em></span> <span class='ocrx_word' id='word_1_219' title='bbox 557 2490 562 2504; x_wconf 92' lang='grc'><strong><em>.</em></strong></span> <span class='ocrx_word' id='word_1_220' title='bbox 570 2447 643 2502; x_wconf 76' lang='lat' dir='ltr'>decta</span> <span class='ocrx_word' id='word_1_221' title='bbox 692 2446 828 2521; x_wconf 72' lang='lat' dir='ltr'>objectioni</span> <span class='ocrx_word' id='word_1_222' title='bbox 838 2469 867 2500; x_wconf 88' lang='lat' dir='ltr'>eo</span> <span class='ocrx_word' id='word_1_223' title='bbox 879 2449 1032 2514; x_wconf 86' lang='lat' dir='ltr'>occurritur,</span> <span class='ocrx_word' id='word_1_224' title='bbox 1054 2449 1123 2522; x_wconf 85' lang='lat' dir='ltr'>qnod</span> <span class='ocrx_word' id='word_1_225' title='bbox 1130 2449 1202 2503; x_wconf 84' lang='lat' dir='ltr'>nu&#39;lis</span> 
     </span>
     <span class='ocr_line' id='line_1_23' title="bbox 134 2525 1201 2602; baseline 0 -18"><span class='ocrx_word' id='word_1_226' title='bbox 134 2543 222 2594; x_wconf 80' lang='lat' dir='ltr'>exsut,</span> <span class='ocrx_word' id='word_1_227' title='bbox 229 2525 643 2602; x_wconf 75' lang='lat' dir='ltr'>eninssnmmabaecestt&#39;i&#39;empsu,</span> <span class='ocrx_word' id='word_1_228' title='bbox 692 2547 765 2580; x_wconf 89' lang='lat' dir='ltr'>cansa</span> <span class='ocrx_word' id='word_1_229' title='bbox 773 2528 805 2581; x_wconf 93' lang='lat' dir='ltr'>sit</span> <span class='ocrx_word' id='word_1_230' title='bbox 823 2548 868 2580; x_wconf 88' lang='lat' dir='ltr'>cur</span> <span class='ocrx_word' id='word_1_231' title='bbox 877 2545 931 2580; x_wconf 90' lang='lat' dir='ltr'>nun</span> <span class='ocrx_word' id='word_1_232' title='bbox 937 2539 1070 2582; x_wconf 77' lang='lat' dir='ltr'>matertera</span> <span class='ocrx_word' id='word_1_233' title='bbox 1080 2539 1105 2580; x_wconf 87' lang='lat' dir='ltr'>et</span> <span class='ocrx_word' id='word_1_234' title='bbox 1120 2547 1201 2584; x_wconf 81' lang='lat' dir='ltr'>avun-</span> 
     </span>
     <span class='ocr_line' id='line_1_24' title="bbox 134 2603 1202 2680; baseline -0.001 -19"><span class='ocrx_word' id='word_1_235' title='bbox 134 2609 163 2661; x_wconf 91' lang='lat' dir='ltr'>in</span> <span class='ocrx_word' id='word_1_236' title='bbox 171 2628 224 2678; x_wconf 88' lang='lat' dir='ltr'>qne</span> <span class='ocrx_word' id='word_1_237' title='bbox 236 2607 378 2680; x_wconf 73' lang='lat' dir='ltr'>Egyptnm</span> <span class='ocrx_word' id='word_1_238' title='bbox 387 2626 432 2678; x_wconf 88' lang='lat' dir='ltr'>per</span> <span class='ocrx_word' id='word_1_239' title='bbox 444 2604 550 2659; x_wconf 75' lang='lat' dir='ltr'>sedecim</span> <span class='ocrx_word' id='word_1_240' title='bbox 563 2625 644 2659; x_wconf 82' lang='lat' dir='ltr'>sunus</span> <span class='ocrx_word' id='word_1_241' title='bbox 692 2608 763 2660; x_wconf 87' lang='lat' dir='ltr'>culus</span> <span class='ocrx_word' id='word_1_242' title='bbox 773 2619 830 2659; x_wconf 86' lang='lat' dir='ltr'>ante</span> <span class='ocrx_word' id='word_1_243' title='bbox 837 2606 1011 2679; x_wconf 67' lang='lat' dir='ltr'>prefecturam</span> <span class='ocrx_word' id='word_1_244' title='bbox 1022 2603 1129 2678; x_wconf 76' lang='lat' dir='ltr'>AEgypti</span> <span class='ocrx_word' id='word_1_245' title='bbox 1144 2606 1202 2660; x_wconf 83' lang='lat' dir='ltr'>ioco</span> 
     </span>
     <span class='ocr_line' id='line_1_25' title="bbox 133 2677 1202 2756; baseline -0.002 -20"><span class='ocrx_word' id='word_1_246' title='bbox 133 2683 274 2736; x_wconf 83' lang='lat' dir='ltr'>obtinuerit</span> <span class='ocrx_word' id='word_1_247' title='bbox 279 2681 433 2747; x_wconf 78' lang='lat' dir='ltr'>avunculus,</span> <span class='ocrx_word' id='word_1_248' title='bbox 442 2681 500 2734; x_wconf 88' lang='lat' dir='ltr'>sstis</span> <span class='ocrx_word' id='word_1_249' title='bbox 510 2677 642 2734; x_wconf 78' lang='lat' dir='ltr'>definitum</span> <span class='ocrx_word' id='word_1_250' title='bbox 691 2684 774 2736; x_wconf 85' lang='lat' dir='ltr'>nobili</span> <span class='ocrx_word' id='word_1_251' title='bbox 783 2683 912 2736; x_wconf 84' lang='lat' dir='ltr'>constituti</span> <span class='ocrx_word' id='word_1_252' title='bbox 921 2683 1012 2734; x_wconf 65' lang='lat' dir='ltr'>Rome</span> <span class='ocrx_word' id='word_1_253' title='bbox 1024 2681 1110 2756; x_wconf 81' lang='lat' dir='ltr'>nepoti</span> <span class='ocrx_word' id='word_1_254' title='bbox 1120 2681 1151 2735; x_wconf 90' lang='lat' dir='ltr'>ad</span> <span class='ocrx_word' id='word_1_255' title='bbox 1163 2703 1202 2734; x_wconf 79' lang='lat' dir='ltr'>cr-</span> 
     </span>
     <span class='ocr_line' id='line_1_26' title="bbox 132 2757 1203 2832; baseline -0.004 -16"><span class='ocrx_word' id='word_1_256' title='bbox 132 2777 188 2816; x_wconf 85' lang='lat' dir='ltr'>est:</span> <span class='ocrx_word' id='word_1_257' title='bbox 203 2783 218 2815; x_wconf 93' lang='lat' dir='ltr'>e</span> <span class='ocrx_word' id='word_1_258' title='bbox 233 2762 286 2815; x_wconf 81' lang='lat' dir='ltr'>viu</span> <span class='ocrx_word' id='word_1_259' title='bbox 301 2761 369 2812; x_wconf 86' lang='lat' dir='ltr'>enim</span> <span class='ocrx_word' id='word_1_260' title='bbox 388 2760 527 2814; x_wconf 79' lang='lat' dir='ltr'>discesserit</span> <span class='ocrx_word' id='word_1_261' title='bbox 544 2781 642 2814; x_wconf 85' lang='lat' dir='ltr'>necesse</span> <span class='ocrx_word' id='word_1_262' title='bbox 692 2763 827 2816; x_wconf 86' lang='lat' dir='ltr'>colendum</span> <span class='ocrx_word' id='word_1_263' title='bbox 837 2760 968 2832; x_wconf 75' lang='lat' dir='ltr'>ingenium</span> <span class='ocrx_word' id='word_1_264' title='bbox 977 2757 1089 2832; x_wconf 82' lang='lat' dir='ltr'>juvenile</span> <span class='ocrx_word' id='word_1_265' title='bbox 1100 2763 1203 2831; x_wconf 77' lang='lat' dir='ltr'>profue-</span> 
     </span>
     <span class='ocr_line' id='line_1_27' title="bbox 133 2827 1203 2913; baseline -0.002 -21"><span class='ocrx_word' id='word_1_266' title='bbox 133 2853 241 2892; x_wconf 89' lang='lat' dir='ltr'>estsnte</span> <span class='ocrx_word' id='word_1_267' title='bbox 256 2837 397 2913; x_wconf 64' lang='lat' dir='ltr'>Caligulam</span> <span class='ocrx_word' id='word_1_268' title='bbox 417 2839 643 2910; x_wconf 76' lang='lat' dir='ltr'>etSenecsequsss-</span> <span class='ocrx_word' id='word_1_269' title='bbox 692 2841 750 2894; x_wconf 89' lang='lat' dir='ltr'>rint.</span> <span class='ocrx_word' id='word_1_270' title='bbox 774 2840 892 2892; x_wconf 87' lang='lat' dir='ltr'>Ceterum</span> <span class='ocrx_word' id='word_1_271' title='bbox 913 2835 1068 2890; x_wconf 80' lang='lat' dir='ltr'>srnncnlum</span> <span class='ocrx_word' id='word_1_272' title='bbox 1084 2827 1203 2910; x_wconf 70' lang='lat' dir='ltr'>etEqni-</span> 
     </span>
     <span class='ocr_line' id='line_1_28' title="bbox 132 2913 1200 2987; baseline -0.001 -17"><span class='ocrx_word' id='word_1_273' title='bbox 132 2931 233 2978; x_wconf 79' lang='lat' dir='ltr'>tnrsm,</span> <span class='ocrx_word' id='word_1_274' title='bbox 257 2919 288 2969; x_wconf 90' lang='lat' dir='ltr'>ad</span> <span class='ocrx_word' id='word_1_275' title='bbox 308 2936 383 2987; x_wconf 87' lang='lat' dir='ltr'>qnam</span> <span class='ocrx_word' id='word_1_276' title='bbox 399 2913 503 2987; x_wconf 86' lang='lat' dir='ltr'>quidem</span> <span class='ocrx_word' id='word_1_277' title='bbox 528 2913 643 2969; x_wconf 89' lang='lat' dir='ltr'>obtinen-</span> <span class='ocrx_word' id='word_1_278' title='bbox 692 2933 742 2971; x_wconf 89' lang='lat' dir='ltr'>tem</span> <span class='ocrx_word' id='word_1_279' title='bbox 763 2919 872 2970; x_wconf 81' lang='lat' dir='ltr'>Roman.</span> <span class='ocrx_word' id='word_1_280' title='bbox 897 2915 986 2980; x_wconf 75' lang='lat' dir='ltr'>scrisse,</span> <span class='ocrx_word' id='word_1_281' title='bbox 1016 2935 1046 2966; x_wconf 92' lang='lat' dir='ltr'>eo</span> <span class='ocrx_word' id='word_1_282' title='bbox 1067 2916 1200 2982; x_wconf 80' lang='lat' dir='ltr'>evincitur,</span> 
     </span>
     <span class='ocr_line' id='line_1_29' title="bbox 132 2992 1200 3072; baseline -0.002 -22"><span class='ocrx_word' id='word_1_283' title='bbox 132 2997 194 3050; x_wconf 84' lang='lat' dir='ltr'>dam</span> <span class='ocrx_word' id='word_1_284' title='bbox 200 3009 332 3050; x_wconf 84' lang='lat' dir='ltr'>matertera</span> <span class='ocrx_word' id='word_1_285' title='bbox 338 2999 430 3048; x_wconf 84' lang='lat' dir='ltr'>Nostro</span> <span class='ocrx_word' id='word_1_286' title='bbox 436 2995 539 3072; x_wconf 77' lang='lat' dir='ltr'>prefuit,</span> <span class='ocrx_word' id='word_1_287' title='bbox 546 3015 643 3048; x_wconf 86' lang='lat' dir='ltr'>reversa</span> <span class='ocrx_word' id='word_1_288' title='bbox 691 2997 758 3070; x_wconf 89' lang='lat' dir='ltr'>qnod</span> <span class='ocrx_word' id='word_1_289' title='bbox 771 2996 873 3050; x_wconf 76' lang='lat' dir='ltr'>Tacitus</span> <span class='ocrx_word' id='word_1_290' title='bbox 884 2992 979 3047; x_wconf 76' lang='lat' dir='ltr'>&#39;Anneb</span> <span class='ocrx_word' id='word_1_291' title='bbox 993 2993 1037 3046; x_wconf 89' lang='lat' dir='ltr'>lib.</span> <span class='ocrx_word' id='word_1_292' title='bbox 1046 2993 1114 3059; x_wconf 73' lang='lat' dir='ltr'>xil,</span> <span class='ocrx_word' id='word_1_293' title='bbox 1127 3015 1147 3048; x_wconf 87' lang='lat' dir='ltr'>c·</span> <span class='ocrx_word' id='word_1_294' title='bbox 1158 2994 1200 3058; x_wconf 82' lang='lat' dir='ltr'>bo,</span> 
     </span>
     <span class='ocr_line' id='line_1_30' title="bbox 133 3071 1202 3148; baseline -0.005 -21"><span class='ocrx_word' id='word_1_295' title='bbox 133 3095 227 3147; x_wconf 81' lang='lat' dir='ltr'>nempe</span> <span class='ocrx_word' id='word_1_296' title='bbox 240 3096 270 3128; x_wconf 80' lang='lat' dir='ltr'>ex</span> <span class='ocrx_word' id='word_1_297' title='bbox 287 3075 410 3148; x_wconf 74' lang='lat' dir='ltr'>AEgypto.</span> <span class='ocrx_word' id='word_1_298' title='bbox 421 3071 557 3128; x_wconf 73' lang='lat' dir='ltr'>Praefectos</span> <span class='ocrx_word' id='word_1_299' title='bbox 567 3071 644 3144; x_wconf 75' lang='lat' dir='ltr'>igitur</span> <span class='ocrx_word' id='word_1_300' title='bbox 692 3088 778 3129; x_wconf 74' lang='lat' dir='ltr'>narrat</span> <span class='ocrx_word' id='word_1_301' title='bbox 789 3074 885 3126; x_wconf 77' lang='lat' dir='ltr'>Divum</span> <span class='ocrx_word' id='word_1_302' title='bbox 894 3074 1036 3146; x_wconf 75' lang='lat' dir='ltr'>Angustum</span> <span class='ocrx_word' id='word_1_303' title='bbox 1042 3071 1109 3144; x_wconf 87' lang='lat' dir='ltr'>apud</span> <span class='ocrx_word' id='word_1_304' title='bbox 1117 3091 1202 3142; x_wconf 86' lang='lat' dir='ltr'>eques·</span> 
     </span>
     <span class='ocr_line' id='line_1_31' title="bbox 132 3147 1201 3228; baseline -0.006 -23"><span class='ocrx_word' id='word_1_305' title='bbox 132 3151 245 3228; x_wconf 69' lang='lat' dir='ltr'>Egypti</span> <span class='ocrx_word' id='word_1_306' title='bbox 256 3147 455 3226; x_wconf 82' lang='lat' dir='ltr'>circumspiciens</span> <span class='ocrx_word' id='word_1_307' title='bbox 467 3149 584 3224; x_wconf 81' lang='lat' dir='ltr'>Lipsius,</span> <span class='ocrx_word' id='word_1_308' title='bbox 596 3151 644 3203; x_wconf 88' lang='lat' dir='ltr'>Vc·</span> <span class='ocrx_word' id='word_1_309' title='bbox 693 3166 758 3216; x_wconf 84' lang='lat' dir='ltr'>tres,</span> <span class='ocrx_word' id='word_1_310' title='bbox 773 3149 817 3224; x_wconf 91' lang='lat' dir='ltr'>qui</span> <span class='ocrx_word' id='word_1_311' title='bbox 830 3153 945 3226; x_wconf 72' lang='lat' dir='ltr'>AEgypto</span> <span class='ocrx_word' id='word_1_312' title='bbox 957 3147 1119 3224; x_wconf 67' lang='lat' dir='ltr'>presiderent</span> <span class='ocrx_word' id='word_1_313' title='bbox 1129 3147 1201 3224; x_wconf 70' lang='lat' dir='ltr'>,lege</span> 
     </span>
     <span class='ocr_line' id='line_1_32' title="bbox 132 3225 1201 3304; baseline -0.005 -21"><span class='ocrx_word' id='word_1_314' title='bbox 132 3229 240 3283; x_wconf 83' lang='lat' dir='ltr'>trasinsn</span> <span class='ocrx_word' id='word_1_315' title='bbox 254 3225 410 3292; x_wconf 78' lang='lat' dir='ltr'>Pollionem,</span> <span class='ocrx_word' id='word_1_316' title='bbox 427 3229 515 3281; x_wconf 79' lang='lat' dir='ltr'>Nostri</span> <span class='ocrx_word' id='word_1_317' title='bbox 533 3249 645 3282; x_wconf 86' lang='lat' dir='ltr'>svuncu·</span> <span class='ocrx_word' id='word_1_318' title='bbox 694 3232 756 3304; x_wconf 76' lang='lat' dir='ltr'>agi.</span> <span class='ocrx_word' id='word_1_319' title='bbox 777 3231 883 3302; x_wconf 73' lang='lat' dir='ltr'>jussisse.</span> <span class='ocrx_word' id='word_1_320' title='bbox 910 3227 986 3282; x_wconf 83' lang='lat' dir='ltr'>Utilis</span> <span class='ocrx_word' id='word_1_321' title='bbox 1009 3246 1069 3279; x_wconf 83' lang='lat' dir='ltr'>vere</span> <span class='ocrx_word' id='word_1_322' title='bbox 1091 3240 1127 3279; x_wconf 86' lang='lat' dir='ltr'>est</span> <span class='ocrx_word' id='word_1_323' title='bbox 1147 3227 1201 3282; x_wconf 67' lang='lat' dir='ltr'>bec</span> 
     </span>
     <span class='ocr_line' id='line_1_33' title="bbox 132 3303 1202 3381; baseline -0.005 -21"><span class='ocrx_word' id='word_1_324' title='bbox 132 3309 207 3374; x_wconf 81' lang='lat' dir='ltr'>lum,</span> <span class='ocrx_word' id='word_1_325' title='bbox 230 3306 307 3362; x_wconf 76' lang='lat' dir='ltr'>inisse</span> <span class='ocrx_word' id='word_1_326' title='bbox 323 3304 414 3381; x_wconf 74' lang='lat' dir='ltr'>judicat</span> <span class='ocrx_word' id='word_1_327' title='bbox 433 3307 484 3360; x_wconf 81' lang='lat' dir='ltr'>vita</span> <span class='ocrx_word' id='word_1_328' title='bbox 498 3307 643 3360; x_wconf 81' lang='lat' dir='ltr'>defunctum</span> <span class='ocrx_word' id='word_1_329' title='bbox 696 3306 838 3379; x_wconf 75' lang='lat' dir='ltr'>diqquisitio</span> <span class='ocrx_word' id='word_1_330' title='bbox 849 3306 936 3360; x_wconf 83' lang='lat' dir='ltr'>iecteri</span> <span class='ocrx_word' id='word_1_331' title='bbox 949 3304 1064 3370; x_wconf 71' lang='lat' dir='ltr'>Senect,</span> <span class='ocrx_word' id='word_1_332' title='bbox 1084 3303 1202 3375; x_wconf 89' lang='lat' dir='ltr'>quando-</span> 
     </span>
     <span class='ocr_line' id='line_1_34' title="bbox 132 3381 1202 3458; baseline -0.008 -17"><span class='ocrx_word' id='word_1_333' title='bbox 132 3408 196 3441; x_wconf 88' lang='lat' dir='ltr'>ann.</span> <span class='ocrx_word' id='word_1_334' title='bbox 205 3387 270 3442; x_wconf 64' lang='grc' dir='ltr'>ΠΟ.</span> <span class='ocrx_word' id='word_1_335' title='bbox 282 3386 411 3458; x_wconf 76' lang='lat' dir='ltr'><strong>785‚(Di0</strong></span> <span class='ocrx_word' id='word_1_336' title='bbox 423 3385 490 3439; x_wconf 75' lang='lat' dir='ltr'>Cass.</span> <span class='ocrx_word' id='word_1_337' title='bbox 501 3385 536 3438; x_wconf 88' lang='lat' dir='ltr'>lib</span> <span class='ocrx_word' id='word_1_338' title='bbox 549 3385 644 3451; x_wconf 75' lang='lat' dir='ltr'>tvm,</span> <span class='ocrx_word' id='word_1_339' title='bbox 694 3385 797 3458; x_wconf 85' lang='lat' dir='ltr'>quidem</span> <span class='ocrx_word' id='word_1_340' title='bbox 811 3382 871 3436; x_wconf 87' lang='lat' dir='ltr'>inde</span> <span class='ocrx_word' id='word_1_341' title='bbox 881 3381 1009 3452; x_wconf 71' lang='lat' dir='ltr'>intelligit,</span> <span class='ocrx_word' id='word_1_342' title='bbox 1020 3381 1142 3434; x_wconf 83' lang='lat' dir='ltr'>Nostrum</span> <span class='ocrx_word' id='word_1_343' title='bbox 1153 3381 1202 3433; x_wconf 81' lang='lat' dir='ltr'>AE·</span> 
     </span>
     <span class='ocr_line' id='line_1_35' title="bbox 132 3456 1201 3540; baseline -0.007 -21"><span class='ocrx_word' id='word_1_344' title='bbox 132 3486 190 3540; x_wconf 84' lang='lat' dir='ltr'>cap.</span> <span class='ocrx_word' id='word_1_345' title='bbox 202 3469 252 3538; x_wconf 80' lang='lat'>¹9)</span> <span class='ocrx_word' id='word_1_346' title='bbox 265 3506 273 3531; x_wconf 86' lang='lat'>‚</span> <span class='ocrx_word' id='word_1_347' title='bbox 284 3479 351 3518; x_wconf 82' lang='lat' dir='ltr'>serto</span> <span class='ocrx_word' id='word_1_348' title='bbox 363 3477 420 3517; x_wconf 90' lang='lat' dir='ltr'>ante</span> <span class='ocrx_word' id='word_1_349' title='bbox 429 3456 529 3517; x_wconf 52' lang='lat' dir='ltr'>&#39;obitum</span> <span class='ocrx_word' id='word_1_350' title='bbox 548 3458 644 3516; x_wconf 84' lang='lat' dir='ltr'>Tiberii</span> <span class='ocrx_word' id='word_1_351' title='bbox 694 3476 799 3538; x_wconf 66' lang='lat' dir='ltr'>gypsum</span> <span class='ocrx_word' id='word_1_352' title='bbox 812 3461 919 3525; x_wconf 86' lang='lat' dir='ltr'>adiisse,</span> <span class='ocrx_word' id='word_1_353' title='bbox 930 3475 954 3511; x_wconf 91' lang='lat' dir='ltr'>et</span> <span class='ocrx_word' id='word_1_354' title='bbox 970 3458 1041 3532; x_wconf 76' lang='lat' dir='ltr'>larga</span> <span class='ocrx_word' id='word_1_355' title='bbox 1053 3459 1124 3532; x_wconf 89' lang='lat' dir='ltr'>copia</span> <span class='ocrx_word' id='word_1_356' title='bbox 1136 3457 1201 3512; x_wconf 79' lang='lat' dir='ltr'>banc</span> 
     </span>
     <span class='ocr_line' id='line_1_36' title="bbox 133 3535 1231 3614; baseline -0.006 -17"><span class='ocrx_word' id='word_1_357' title='bbox 133 3564 207 3598; x_wconf 82' lang='lat' dir='ltr'>anne</span> <span class='ocrx_word' id='word_1_358' title='bbox 221 3583 228 3609; x_wconf 86' lang='lat'>,</span> <span class='ocrx_word' id='word_1_359' title='bbox 242 3558 266 3598; x_wconf 92' lang='lat' dir='ltr'>et</span> <span class='ocrx_word' id='word_1_360' title='bbox 281 3543 406 3596; x_wconf 70' lang='lat' dir='ltr'>uicesimo</span> <span class='ocrx_word' id='word_1_361' title='bbox 430 3542 527 3596; x_wconf 89' lang='lat' dir='ltr'>circiter</span> <span class='ocrx_word' id='word_1_362' title='bbox 542 3541 646 3596; x_wconf 62' lang='lat' dir='ltr'>Seneca</span> <span class='ocrx_word' id='word_1_363' title='bbox 694 3554 785 3594; x_wconf 87' lang='lat' dir='ltr'>terram</span> <span class='ocrx_word' id='word_1_364' title='bbox 793 3537 964 3614; x_wconf 75' lang='lat' dir='ltr'>cognoscendi</span> <span class='ocrx_word' id='word_1_365' title='bbox 974 3557 1048 3590; x_wconf 87' lang='lat' dir='ltr'>usum</span> <span class='ocrx_word' id='word_1_366' title='bbox 1056 3535 1201 3603; x_wconf 86' lang='lat' dir='ltr'>esse,ideo·</span> <span class='ocrx_word' id='word_1_367' title='bbox 1230 3565 1231 3568; x_wconf 40' lang='lat'>¹</span> 
     </span>
     <span class='ocr_line' id='line_1_37' title="bbox 131 3614 1201 3694; baseline -0.011 -16"><span class='ocrx_word' id='word_1_368' title='bbox 131 3629 200 3686; x_wconf 84' lang='lat' dir='ltr'>(nat.</span> <span class='ocrx_word' id='word_1_369' title='bbox 213 3624 281 3678; x_wconf 84' lang='lat' dir='ltr'>circs</span> <span class='ocrx_word' id='word_1_370' title='bbox 290 3623 429 3694; x_wconf 78' lang='lat' dir='ltr'>753,·mort</span> <span class='ocrx_word' id='word_1_371' title='bbox 439 3621 495 3674; x_wconf 78' lang='lat'>818.</span> <span class='ocrx_word' id='word_1_372' title='bbox 506 3621 565 3674; x_wconf 88' lang='lat' dir='ltr'>Dio.</span> <span class='ocrx_word' id='word_1_373' title='bbox 576 3619 644 3674; x_wconf 82' lang='lat' dir='ltr'>Cass.</span> <span class='ocrx_word' id='word_1_374' title='bbox 696 3639 746 3691; x_wconf 88' lang='lat' dir='ltr'>qne</span> <span class='ocrx_word' id='word_1_375' title='bbox 761 3618 838 3670; x_wconf 81' lang='lat' dir='ltr'>fidem</span> <span class='ocrx_word' id='word_1_376' title='bbox 851 3619 903 3688; x_wconf 75' lang='lat' dir='ltr'>ejus</span> <span class='ocrx_word' id='word_1_377' title='bbox 917 3615 983 3670; x_wconf 89' lang='lat' dir='ltr'>band</span> <span class='ocrx_word' id='word_1_378' title='bbox 996 3614 1162 3690; x_wconf 75' lang='lat' dir='ltr'>spernendam</span> <span class='ocrx_word' id='word_1_379' title='bbox 1173 3615 1201 3668; x_wconf 88' lang='lat' dir='ltr'>in</span> 
     </span>
    </p>

    <p class='ocr_par' dir='ltr' id='par_1_6' title="bbox 133 3693 1202 3774">
     <span class='ocr_line' id='line_1_38' title="bbox 133 3693 1202 3774; baseline -0.007 -22"><span class='ocrx_word' id='word_1_380' title='bbox 133 3701 340 3774; x_wconf 59' lang='lat' dir='ltr'>tinunmp.</span> <span class='ocrx_word' id='word_1_381' title='bbox 352 3701 416 3764; x_wconf 72' lang='lat' dir='ltr'>ast:</span> <span class='ocrx_word' id='word_1_382' title='bbox 429 3712 593 3752; x_wconf 76' lang='lat' dir='ltr'>antecesserat</span> <span class='ocrx_word' id='word_1_383' title='bbox 601 3719 644 3751; x_wconf 83' lang='lat' dir='ltr'>eu·</span> <span class='ocrx_word' id='word_1_384' title='bbox 694 3697 724 3750; x_wconf 91' lang='lat' dir='ltr'>iis</span> <span class='ocrx_word' id='word_1_385' title='bbox 738 3697 836 3768; x_wconf 80' lang='lat' dir='ltr'>qusedc</span> <span class='ocrx_word' id='word_1_386' title='bbox 856 3697 986 3769; x_wconf 72' lang='lat' dir='ltr'>AEgyptn,</span> <span class='ocrx_word' id='word_1_387' title='bbox 1010 3693 1143 3764; x_wconf 82' lang='lat' dir='ltr'>AEtbiopia</span> <span class='ocrx_word' id='word_1_388' title='bbox 1160 3707 1202 3745; x_wconf 85' lang='lat' dir='ltr'>at-</span> 
     </span>
    </p>

    <p class='ocr_par' dir='ltr' id='par_1_7' title="bbox 131 3771 956 3850">
     <span class='ocr_line' id='line_1_39' title="bbox 131 3771 956 3850; baseline -0.01 -20"><span class='ocrx_word' id='word_1_389' title='bbox 131 3792 186 3830; x_wconf 87' lang='lat' dir='ltr'>tcm</span> <span class='ocrx_word' id='word_1_390' title='bbox 200 3777 229 3831; x_wconf 92' lang='lat' dir='ltr'>in</span> <span class='ocrx_word' id='word_1_391' title='bbox 239 3780 384 3850; x_wconf 63' lang='lat' dir='ltr'>prefectum</span> <span class='ocrx_word' id='word_1_392' title='bbox 401 3775 523 3830; x_wconf 79' lang='lat' dir='ltr'>AEmilius</span> <span class='ocrx_word' id='word_1_393' title='bbox 534 3775 642 3840; x_wconf 81' lang='lat' dir='ltr'>Rectus,</span> <span class='ocrx_word' id='word_1_394' title='bbox 693 3795 741 3846; x_wconf 85' lang='lat' dir='ltr'>que</span> <span class='ocrx_word' id='word_1_395' title='bbox 753 3773 825 3826; x_wconf 88' lang='lat' dir='ltr'>lndia</span> <span class='ocrx_word' id='word_1_396' title='bbox 839 3771 956 3825; x_wconf 81' lang='lat' dir='ltr'>retulerit.</span> 
     </span>
    </p>

    <p class='ocr_par' dir='ltr' id='par_1_8' title="bbox 131 3847 1201 3930">
     <span class='ocr_line' id='line_1_40' title="bbox 131 3847 1201 3930; baseline -0.012 -20"><span class='ocrx_word' id='word_1_397' title='bbox 131 3859 207 3928; x_wconf 83' lang='lat' dir='ltr'>cnjus</span> <span class='ocrx_word' id='word_1_398' title='bbox 218 3858 316 3911; x_wconf 86' lang='lat' dir='ltr'>mentio</span> <span class='ocrx_word' id='word_1_399' title='bbox 337 3853 364 3908; x_wconf 84' lang='lat' dir='ltr'>fit</span> <span class='ocrx_word' id='word_1_400' title='bbox 382 3877 420 3930; x_wconf 82' lang='lat' dir='ltr'>sp·</span> <span class='ocrx_word' id='word_1_401' title='bbox 437 3855 507 3908; x_wconf 85' lang='lat' dir='ltr'>Dion</span> <span class='ocrx_word' id='word_1_402' title='bbox 519 3851 585 3908; x_wconf 81' lang='lat' dir='ltr'>Cass.</span> <span class='ocrx_word' id='word_1_403' title='bbox 599 3853 642 3908; x_wconf 89' lang='lat' dir='ltr'>lib.</span> <span class='ocrx_word' id='word_1_404' title='bbox 730 3871 749 3903; x_wconf 88' lang='grc' dir='ltr'>ι.</span> <span class='ocrx_word' id='word_1_405' title='bbox 767 3853 822 3904; x_wconf 83' lang='lat' dir='ltr'>Pru</span> <span class='ocrx_word' id='word_1_406' title='bbox 843 3853 963 3902; x_wconf 77' lang='lat' dir='ltr'>indiviso.</span> <span class='ocrx_word' id='word_1_407' title='bbox 982 3847 1062 3916; x_wconf 80' lang='lat' dir='ltr'>Quasi</span> <span class='ocrx_word' id='word_1_408' title='bbox 1080 3861 1160 3899; x_wconf 79' lang='lat' dir='ltr'>unum</span> <span class='ocrx_word' id='word_1_409' title='bbox 1177 3861 1201 3898; x_wconf 88' lang='lat' dir='ltr'>et</span> 
     </span>
    </p>

    <p class='ocr_par' dir='ltr' id='par_1_9' title="bbox 130 3927 1198 4010">
     <span class='ocr_line' id='line_1_41' title="bbox 130 3927 1198 4010; baseline -0.008 -22"><span class='ocrx_word' id='word_1_410' title='bbox 130 3935 222 4002; x_wconf 68' lang='lat' dir='ltr'>svn,</span> <span class='ocrx_word' id='word_1_411' title='bbox 231 3956 284 4010; x_wconf 81' lang='lat' dir='ltr'>esp.</span> <span class='ocrx_word' id='word_1_412' title='bbox 300 3955 338 4002; x_wconf 84' lang='lat' dir='ltr'>ro,</span> <span class='ocrx_word' id='word_1_413' title='bbox 348 3935 379 3987; x_wconf 92' lang='lat' dir='ltr'>ad</span> <span class='ocrx_word' id='word_1_414' title='bbox 386 3954 446 3988; x_wconf 81' lang='lat' dir='ltr'>snu-</span> <span class='ocrx_word' id='word_1_415' title='bbox 456 3929 510 4004; x_wconf 74' lang='lat'>757.</span> <span class='ocrx_word' id='word_1_416' title='bbox 520 3931 647 3986; x_wconf 80' lang='lat' dir='ltr'>Hactenus</span> <span class='ocrx_word' id='word_1_417' title='bbox 697 3931 764 3984; x_wconf 88' lang='lat' dir='ltr'>idem</span> <span class='ocrx_word' id='word_1_418' title='bbox 775 3943 858 3983; x_wconf 88' lang='lat' dir='ltr'>tecum</span> <span class='ocrx_word' id='word_1_419' title='bbox 867 3949 957 4002; x_wconf 85' lang='lat' dir='ltr'>corpus</span> <span class='ocrx_word' id='word_1_420' title='bbox 967 3927 1113 4001; x_wconf 84' lang='lat' dir='ltr'>possideret,</span> <span class='ocrx_word' id='word_1_421' title='bbox 1121 3946 1198 3980; x_wconf 88' lang='lat' dir='ltr'>unam</span> 
     </span>
    </p>

    <p class='ocr_par' dir='ltr' id='par_1_10' title="bbox 129 4003 1201 4086">
     <span class='ocr_line' id='line_1_42' title="bbox 129 4003 1201 4086; baseline -0.008 -19"><span class='ocrx_word' id='word_1_422' title='bbox 129 4013 374 4067; x_wconf 76' lang='lat' dir='ltr'>benecxenssitrern</span> <span class='ocrx_word' id='word_1_423' title='bbox 381 4005 487 4086; x_wconf 65' lang='lat' dir='ltr'>[ipsine.</span> <span class='ocrx_word' id='word_1_424' title='bbox 498 4007 642 4084; x_wconf 75' lang='lat' dir='ltr'>Adjuugam</span> <span class='ocrx_word' id='word_1_425' title='bbox 694 4021 717 4058; x_wconf 90' lang='lat' dir='ltr'>et</span> <span class='ocrx_word' id='word_1_426' title='bbox 728 4008 845 4060; x_wconf 75' lang='lat' dir='ltr'>eamdem</span> <span class='ocrx_word' id='word_1_427' title='bbox 859 4018 986 4070; x_wconf 83' lang='lat' dir='ltr'>mentem,</span> <span class='ocrx_word' id='word_1_428' title='bbox 999 4024 1083 4076; x_wconf 85' lang='lat' dir='ltr'>neque</span> <span class='ocrx_word' id='word_1_429' title='bbox 1095 4003 1148 4056; x_wconf 85' lang='lat' dir='ltr'>ulio</span> <span class='ocrx_word' id='word_1_430' title='bbox 1156 4023 1201 4060; x_wconf 82' lang='lat' dir='ltr'>un·</span> 
     </span>
    </p>

    <p class='ocr_par' dir='ltr' id='par_1_11' title="bbox 131 4081 1119 4162">
     <span class='ocr_line' id='line_1_43' title="bbox 131 4081 1119 4162; baseline -0.012 -19"><span class='ocrx_word' id='word_1_431' title='bbox 131 4090 275 4154; x_wconf 74' lang='lat' dir='ltr'>nonnulla,</span> <span class='ocrx_word' id='word_1_432' title='bbox 283 4109 339 4162; x_wconf 70' lang='lat' dir='ltr'>qne</span> <span class='ocrx_word' id='word_1_433' title='bbox 347 4091 531 4142; x_wconf 82' lang='lat' dir='ltr'>mursmfacere</span> <span class='ocrx_word' id='word_1_434' title='bbox 539 4087 644 4162; x_wconf 78' lang='lat' dir='ltr'>possint,</span> <span class='ocrx_word' id='word_1_435' title='bbox 693 4106 768 4160; x_wconf 85' lang='lat' dir='ltr'>quam</span> <span class='ocrx_word' id='word_1_436' title='bbox 781 4105 837 4138; x_wconf 85' lang='lat' dir='ltr'>essn</span> <span class='ocrx_word' id='word_1_437' title='bbox 850 4107 864 4138; x_wconf 91' lang='lat' dir='ltr'>a</span> <span class='ocrx_word' id='word_1_438' title='bbox 875 4097 899 4136; x_wconf 86' lang='lat' dir='ltr'>te</span> <span class='ocrx_word' id='word_1_439' title='bbox 911 4081 1019 4158; x_wconf 75' lang='lat' dir='ltr'>seperari</span> <span class='ocrx_word' id='word_1_440' title='bbox 1030 4092 1119 4156; x_wconf 84' lang='lat' dir='ltr'>posset.</span> 
     </span>
    </p>

    <p class='ocr_par' dir='ltr' id='par_1_12' title="bbox 130 4160 1201 4242">
     <span class='ocr_line' id='line_1_44' title="bbox 130 4160 1201 4242; baseline -0.007 -22"><span class='ocrx_word' id='word_1_441' title='bbox 130 4189 167 4220; x_wconf 88' lang='lat' dir='ltr'>nc</span> <span class='ocrx_word' id='word_1_442' title='bbox 178 4167 240 4222; x_wconf 87' lang='lat' dir='ltr'>bnie</span> <span class='ocrx_word' id='word_1_443' title='bbox 251 4166 435 4242; x_wconf 83' lang='lat' dir='ltr'>computationi</span> <span class='ocrx_word' id='word_1_444' title='bbox 446 4166 570 4220; x_wconf 73' lang='lat' dir='ltr'>caleulum</span> <span class='ocrx_word' id='word_1_445' title='bbox 582 4162 643 4238; x_wconf 70' lang='lat' dir='ltr'>cdii·</span> <span class='ocrx_word' id='word_1_446' title='bbox 727 4183 749 4216; x_wconf 84' lang='lat' dir='ltr'>n.</span> <span class='ocrx_word' id='word_1_447' title='bbox 764 4165 799 4217; x_wconf 85' lang='lat' dir='ltr'>In</span> <span class='ocrx_word' id='word_1_448' title='bbox 817 4165 864 4216; x_wconf 80' lang='lat' dir='ltr'>buc</span> <span class='ocrx_word' id='word_1_449' title='bbox 881 4175 909 4214; x_wconf 84' lang='lat' dir='ltr'>tu</span> <span class='ocrx_word' id='word_1_450' title='bbox 922 4160 1040 4232; x_wconf 78' lang='lat' dir='ltr'>prsinum</span> <span class='ocrx_word' id='word_1_451' title='bbox 1057 4163 1201 4232; x_wconf 80' lang='lat' dir='ltr'>respirasti.</span> 
     </span>
    </p>

    <p class='ocr_par' dir='ltr' id='par_1_13' title="bbox 129 4237 1200 4318">
     <span class='ocr_line' id='line_1_45' title="bbox 129 4237 1200 4318; baseline -0.009 -18"><span class='ocrx_word' id='word_1_452' title='bbox 129 4245 194 4300; x_wconf 71' lang='lat' dir='ltr'>cies.</span> <span class='ocrx_word' id='word_1_453' title='bbox 203 4245 354 4318; x_wconf 73' lang='lat' dir='ltr'>deprimunt</span> <span class='ocrx_word' id='word_1_454' title='bbox 364 4243 477 4297; x_wconf 82' lang='lat' dir='ltr'>iocnsest</span> <span class='ocrx_word' id='word_1_455' title='bbox 490 4237 567 4296; x_wconf 84' lang='lat' dir='ltr'>Dion.</span> <span class='ocrx_word' id='word_1_456' title='bbox 577 4241 643 4296; x_wconf 89' lang='lat' dir='ltr'>Cass.</span> <span class='ocrx_word' id='word_1_457' title='bbox 694 4243 731 4295; x_wconf 87' lang='lat' dir='ltr'>Er</span> <span class='ocrx_word' id='word_1_458' title='bbox 752 4243 847 4295; x_wconf 81' lang='lat' dir='ltr'>Erasm.</span> <span class='ocrx_word' id='word_1_459' title='bbox 863 4239 958 4292; x_wconf 85' lang='lat' dir='ltr'>reduri.</span> <span class='ocrx_word' id='word_1_460' title='bbox 972 4243 1072 4292; x_wconf 79' lang='lat' dir='ltr'>Antea:</span> <span class='ocrx_word' id='word_1_461' title='bbox 1086 4244 1113 4291; x_wconf 84' lang='lat' dir='ltr'>in</span> <span class='ocrx_word' id='word_1_462' title='bbox 1124 4239 1200 4299; x_wconf 75' lang='lat' dir='ltr'>buius</span> 
     </span>
    </p>

    <p class='ocr_par' dir='ltr' id='par_1_14' title="bbox 130 4317 1221 4396">
     <span class='ocr_line' id='line_1_46' title="bbox 130 4317 1221 4396; baseline -0.006 -22"><span class='ocrx_word' id='word_1_463' title='bbox 130 4321 270 4388; x_wconf 64' lang='lat' dir='ltr'>tibull,</span> <span class='ocrx_word' id='word_1_464' title='bbox 284 4343 336 4396; x_wconf 77' lang='lat' dir='ltr'>esp·</span> <span class='ocrx_word' id='word_1_465' title='bbox 346 4321 447 4394; x_wconf 81' lang='lat' dir='ltr'>rqada.</span> <span class='ocrx_word' id='word_1_466' title='bbox 457 4321 645 4393; x_wconf 76' lang='lat' dir='ltr'>772,ubi8eius</span> <span class='ocrx_word' id='word_1_467' title='bbox 692 4323 808 4390; x_wconf 85' lang='lat' dir='ltr'>primum</span> <span class='ocrx_word' id='word_1_468' title='bbox 832 4321 968 4386; x_wconf 76' lang='lat' dir='ltr'>mptmsc&#39;</span> <span class='ocrx_word' id='word_1_469' title='bbox 982 4321 1050 4370; x_wconf 84' lang='lat' dir='ltr'>ss&#39;nu.</span> <span class='ocrx_word' id='word_1_470' title='bbox 1067 4317 1123 4368; x_wconf 80' lang='lat' dir='ltr'>Vos</span> <span class='ocrx_word' id='word_1_471' title='bbox 1142 4320 1221 4373; x_wconf 76' lang='lat' dir='ltr'>sinac,</span> 
     </span>
    </p>
   </div>
   <div class='ocr_carea' id='block_1_6' title="bbox 0 0 1501 4942">
    <p class='ocr_par' dir='ltr' id='par_1_15' title="bbox 0 0 1501 4942">
     <span class='ocr_line' id='line_1_47' title="bbox 0 0 1501 4942; baseline 0 0"><span class='ocrx_word' id='word_1_472' title='bbox 0 0 1501 4942; x_wconf 95' lang='lat' dir='ltr'> </span> 
     </span>
    </p>
   </div>
  </div>
 </body>
</html>
