2954 4926
362 429 872 570 maruciam(
992 519 995 526 «
1108 487 1172 578 ⁵9³

101 636 220 681 muare
230 613 338 706 gratia
346 613 559 681 noluerunt¹.
570 615 647 680 Non
660 626 770 682 tamen
781 613 817 680 hi
830 635 888 679 reo
899 611 1105 680 beneficium
1115 613 1176 682 de-

101 731 247 810 derunt,
265 732 418 823 quamvis
431 730 645 824 profuerint:
662 731 743 821 quia
755 729 859 797 telum
875 751 944 820 quo
962 731 1173 816 missumait,

102 872 258 942 unoquo
278 849 494 940 pervenerit,
513 847 692 939 queritur,
711 861 746 914 et
767 846 975 913 beneficium
992 846 1176 941 ab-injuria

102 963 286 1058 distinguit
310 981 565 1047 noueremus,
594 959 821 1032 eed'animua.
838 963 1062 1032 Adversarius
1080 990 1176 1036 moue
1199 987 1216 1052 4

103 1077 185 1146 dum
203 1081 372 1147 contraria
390 1079 493 1164 dicit,
511 1095 545 1146 et
557 1077 710 1171 judicem
728 1076 889 1171 superbia
905 1077 1067 1163 offendit,
1090 1083 1177 1148 etin

101 1217 208 1262 unum
224 1211 342 1263 testem
357 1194 399 1262 de
414 1219 467 1263 me
482 1200 573 1263 rem²
587 1185 768 1280 demittit³,
781 1217 915 1262 eoumm
927 1217 1036 1262 meum
1051 1198 1171 1263 erexit.

100 1313 178 1380 Non
193 1337 306 1404 quaero
319 1338 364 1380 an
377 1337 440 1406 pro
458 1337 511 1380 me
525 1303 708 1396 erraverit,
725 1306 867 1379 eontra⁴
883 1335 936 1379 me
953 1312 1074 1380 voluit.

151 1430 215 1497 IX.
234 1431 364 1524 Nempe
382 1446 420 1497 ut
443 1446 559 1522 gratus
583 1429 667 1511 aim,
692 1428 781 1496 velle
799 1426 908 1496 debeo
930 1428 1019 1496 idem
1038 1429 1172 1516 faeere,

101 1547 195 1638 quod
208 1547 280 1630 ille,
294 1563 332 1615 ut
344 1546 547 1615 beneficium
559 1545 669 1631 daret,
684 1540 922 1622 debuit.'Num
939 1547 1025 1639 quid
1040 1563 1092 1615 est
1106 1550 1176 1616 ini-

100 1665 204 1755 quius
226 1663 388 1748 homine,
410 1665 469 1755 qui
489 1687 576 1730 eum.
589 1660 679 1748 odit,
702 1685 808 1755 aquo
832 1665 869 1730 in
887 1663 984 1730 turba
1004 1664 1171 1750 calcatus,

96 1794 160 1846 aut
176 1803 370 1874 respersus,
392 1796 451 1848 aut
464 1805 532 1873 quo
546 1779 674 1862 nollet,
694 1779 859 1873 impulsus
873 1781 950 1847 eat?
971 1781 1076 1873 Atqui
1090 1779 1175 1873 quid

97 1911 153 1964 est
171 1895 266 1964 aliud
277 1891 303 1984 ⁵,
327 1895 421 1989 quod
439 1896 534 1965 illum
556 1896 703 1988 querelae
730 1898 871 1978 eximat,
893 1921 998 1989 quum
1019 1899 1055 1965 in
1073 1921 1110 1965 re
1132 1900 1174 1966 sit

96 2087 209 2158 quaeliu
220 2107 277 2141 eum
289 2087 431 2161 coujuratio
444 2087 560 2154 iactauit,
572 2109 612 2141 ex·
696 2109 718 2140 a.
732 2087 826 2142 Deme
839 2109 900 2142 rem.
914 2089 958 2142 sic
977 2090 1103 2164 scripsisse
1124 2111 1174 2143 uo-

96 2165 195 2217 citavit.
552 2173 555 2180 ’
661 2180 738 2220 strum
747 2180 807 2238 puto
816 2188 845 2220 ex
855 2168 899 2220 illa
909 2188 986 2238 quam
995 2169 1038 2220 dat
1046 2169 1173 2222 codNaz.

136 2265 158 2296 1.
179 2243 219 2296 Et
234 2246 334 2312 judices
356 2263 433 2316 quem
458 2244 614 2296 damnaturi
660 2246 798 2318 scriptura:
811 2249 1063 2298 etr'nunumtestem
1072 2249 1174 2299 demere

95 2333 176 2376 erant
184 2342 280 2388 musa,
289 2325 419 2376 domuere
426 2325 516 2392 gratia
525 2326 611 2376 nolue·
660 2326 784 2384 demittit,
801 2323 829 2374 in
845 2343 894 2395 qua
908 2343 961 2376 rem
976 2324 1024 2376 feei
1035 2344 1048 2376 e
1059 2343 1087 2376 re
1098 2344 1106 2377 .·
1117 2325 1134 2376 i.
1150 2346 1173 2378 e.

96 2410 168 2452 runt.
178 2401 239 2455 lltee
256 2413 293 2453 est
302 2400 402 2474 vulgata
416 2400 499 2465 lectio,
514 2397 611 2453 confir·
659 2412 737 2452 totam
750 2419 805 2452 rem
817 2399 924 2454 collocat
933 2400 960 2453 in
975 2422 1027 2454 uno
1038 2411 1101 2455 teste
1112 2423 1172 2456 con·

95 2479 251 2532 matacodd
262 2481 471 2551 mm.:plerique,
482 2500 515 2532 en
533 2479 609 2532 etiam
658 2490 695 2530 tra
709 2497 758 2531 me.
780 2478 873 2550 Seripti
892 2478 985 2550 reliqui
1007 2499 1096 2532 omues
1115 2498 1122 2533 :
1142 2485 1171 2533 r‘n

94 2557 182 2610 codex
195 2559 407 2622 Nanneseimue,
420 2559 610 2612 dantcuusoeet
658 2575 740 2608 unum
762 2567 851 2610 testem
873 2564 967 2609 temere
994 2559 1022 2608 d.
1043 2557 1170 2612 Nonnulli

95 2635 420 2707 deincepagmtioe,quam
429 2638 576 2710 scripturam
585 2650 610 2689 et
658 2635 732 2692 codd,
755 2649 779 2688 et
798 2636 876 2704 edd,
896 2635 989 2691 omisso
1004 2637 1036 2706 ei}
1048 2641 1092 2704 in,
1110 2639 1170 2692 dant

95 2713 173 2768 Grut.
180 2726 204 2766 et
211 2713 608 2788 Lipsiusprnl'eruntGronoriur
657 2721 838 2768 unumlestem
848 2720 940 2767 temere
951 2716 1068 2769 dimittit.
1086 2716 1170 2770 Testis

94 2805 185 2844 umen
195 2803 260 2844 reete
268 2791 397 2864 vulgatam
407 2792 536 2858 delendit;
547 2813 608 2846 nam
658 2791 691 2842 de
700 2809 740 2842 me
750 2830 758 2858 ,
771 2790 799 2842 id
811 2803 861 2858 est,
873 2803 960 2844 eontra
974 2813 1033 2857 ¹rue,
1051 2793 1120 2863 quod
1131 2809 1172 2847 at-

91 2873 608 2939 causaviucere‚superioremesse,uinci,
656 2867 719 2918 linet
738 2867 770 2920 ed
794 2887 835 2920 me
858 2886 864 2918 τ
885 2887 959 2931 rem,
983 2870 1169 2924 accusationem

91 2949 225 3000 dominari
230 2986 240 3014 .‚
250 2960 278 2999 ut
286 2951 377 3018 gratia
387 2951 522 3014 damnari,
537 2951 609 3002 lubo-
656 2965 741 3012 suam,
752 2948 886 3000 actionem.

91 3045 166 3090 mre,
177 3044 235 3078 earu
243 3037 311 3078 sexto
319 3027 456 3098 sepissime
464 3038 606 3080 occurrunt.
690 3024 714 3077 3.
728 3027 766 3079 Et
777 3029 805 3079 iu
816 3046 898 3078 uuum
911 3036 1003 3080 testem
1014 3027 1048 3079 de
1060 3047 1103 3082 me
1114 3045 1169 3080 rem

91 3103 227 3171 Alterum,
239 3103 323 3178 pergit
333 3105 431 3170 Gron,
444 3103 473 3156 in
485 3103 554 3176 quod
566 3122 609 3177 ag·
655 3106 774 3158 demittit.
786 3102 918 3156 Sententia
931 3121 1021 3156 :eausa
1033 3116 1125 3159 temere
1137 3105 1168 3158 alr

91 3182 168 3234 mine
176 3181 320 3235 concedunt
329 3183 379 3236 viri
394 3183 548 3248 doctissimi,
561 3183 606 3254 qui
656 3203 686 3234 eo
702 3181 797 3235 credita
810 3194 834 3234 et
848 3181 970 3235 collocata
986 3183 1015 3235 in
1030 3201 1111 3236 unum
1126 3198 1169 3236 te-

92 3259 205 3320 dixerit,
219 3257 302 3313 adhue
313 3264 407 3331 quteio.
420 3261 492 3314 Certe
503 3260 606 3313 tolerari
655 3269 735 3324 atem,
753 3277 832 3328 quum
848 3257 932 3331 plures
945 3257 1037 3311 habere
1047 3261 1168 3332 perfacile

92 3357 149 3389 nou
162 3350 243 3412 potest
252 3375 260 3404 ,
269 3339 320 3391 nisi
331 3360 375 3412 per
392 3339 547 3392 intellectum
561 3345 605 3391 τῶν
655 3337 774 3411 potuisset
786 3355 791 3385 ε
802 3335 845 3389 sed
856 3356 899 3407 per
910 3333 1054 3409 superbiam
1067 3336 1110 3388 ille
1122 3359 1168 3390 no·

89 3435 184 3479 cursu,
196 3415 606 3485 autgratia,velnomineerimi·
655 3415 703 3466 luit
721 3425 745 3465 et
759 3413 808 3464 sibi
825 3426 900 3484 etque
917 3411 964 3464 uui
982 3411 1021 3464 illi
1037 3415 1134 3484 putavit
1152 3435 1167 3466 a

89 3511 191 3564 neque,
204 3505 233 3546 ut
249 3493 364 3546 damnari
378 3493 463 3566 eapitis
479 3533 487 3560 ,
504 3493 565 3546 furti
583 3504 607 3546 et
655 3491 778 3565 judicibus
789 3491 953 3544 eredendum.

88 3570 204 3636 similia,
218 3583 263 3624 ete.
276 3571 462 3642 -Quosdum
464 3609 512 3626 ......
522 3574 606 3624 nolue-
688 3571 712 3634 4.
723 3567 985 3636 Erraverit‚c0mra.
999 3569 1091 3623 Deleri
1103 3577 1167 3646 quio

88 3658 156 3700 runt
167 3669 176 3702 .·
189 3649 234 3718 qui
247 3649 336 3702 merito
351 3649 511 3702 damnandus
531 3661 583 3702 erat
596 3688 604 3715 ,
654 3659 710 3720 post
723 3653 863 3712 erraverit,
875 3647 1020 3699 auctoritate
1034 3651 1090 3701 eud.
1104 3651 1165 3704 Nar.

89 3740 224 3799 propterea
242 3727 370 3781 absolutus
388 3740 426 3780 est
447 3727 605 3798 ajudieibua
654 3729 900 3800 commendanteque
912 3728 1031 3782 Grutero.
1046 3731 1089 3783 Sic
1103 3731 1167 3786 solet

89 3807 162 3870 suit,
182 3826 214 3859 ne
227 3804 256 3858 hi
271 3805 357 3877 gratiae
377 3817 401 3862 et
418 3805 538 3878 potentia
556 3803 605 3858 hoc
655 3805 760 3860 Seneca.

90 3884 193 3937 dedisse
204 3884 357 3938 viderentur.
366 3884 516 3957 Exemplum
527 3884 605 3938 habet
686 3885 733 3938 lx.
744 3887 815 3940 Aue.
825 3885 854 3936 ln
861 3883 986 3938 benefitio
996 3885 1081 3940 dando
1091 3889 1166 3942 etiam

89 3964 119 4015 in
131 3963 220 4016 valer.
232 3963 301 4016 Max.
312 3963 391 4024 Vlll,
409 3982 438 4027 1,
456 3981 501 4030 rr,
515 3961 559 4014 ubi
576 3963 604 4015 G.
654 3961 770 4015 voluntat
782 3963 918 4035 requiritur
928 3983 982 4016 nou
994 3967 1076 4040 magis
1089 3988 1167 4039 quam
1226 3955 1229 3962 ¹

90 4039 491 4114 CettaaP.SeipioueAEmiliano
501 4042 605 4113 adpre·
654 4039 681 4091 in
696 4040 857 4112 gratitudine.

89 4135 175 4173 torem
186 4131 328 4183 aecusatus,
340 4119 400 4171 ideo
411 4118 540 4172 absolutus
551 4131 603 4183 eat,
688 4119 712 4170 5.
724 4119 809 4189 Atqui
823 4121 890 4187 quid
900 4127 940 4174 est
949 4123 1033 4174 uliud.
1047 4122 1166 4180 Pinciani

89 4219 124 4251 ne
136 4198 268 4273 precipua
283 4197 431 4251 annotatoris
443 4195 605 4270 amplitudini
656 4207 692 4248 est
704 4196 847 4249 emendatio
861 4235 868 4263 ‚
883 4217 964 4268 quum
983 4219 1071 4253 omnes
1093 4203 1166 4258 codd.

88 4277 223 4329 damnatio
239 4277 291 4347 ejus
312 4277 403 4330 donata
416 4276 606 4333 existimaretur.
656 4274 745 4326 darent
757 4295 763 4330 :
774 4277 813 4329 Ar
823 4277 956 4343 quidquid
964 4289 1010 4330 ese.

191 4373 236 4442 ll.
493 4445 496 4453 ,
975 4371 1018 4438 38
