2976 4950
274 445 342 536 ³9⁶
596 439 664 507 nn
693 435 1007 506 nnnnmons

272 569 390 639 eodem
415 593 483 660 quo
507 567 655 636 intendit
680 582 849 638 momento
871 567 1026 660 pervium
1046 582 1096 633 est
1114 571 1145 647 ¹,
1180 565 1353 634 sideribus

272 686 496 769 velociorem,
523 709 668 778 quorum
692 699 769 778 post
795 682 901 751 multa
929 681 1052 752 saeeula
1076 681 1207 750 futuros
1229 707 1353 751 cursus

272 799 463 887 antecedit3
489 817 621 870 tentum
635 799 760 869 deinde
774 805 787 836 ²
799 801 961 893 frugum,
983 814 1114 867 tantum
1129 823 1253 892 opum,
1276 815 1352 866 tan-

234 943 249 992 5
273 937 345 988 tum
364 944 478 988 rerum
497 919 641 988 aliarum
659 939 763 1014 super
784 916 868 986 alias
884 917 1131 988 nomentanum.
1152 916 1351 985 Circumeas

273 1036 353 1103 licet
377 1051 526 1104 cuncta:
547 1053 582 1104 et
608 1036 691 1129 quin
715 1033 803 1102 nihil
829 1049 936 1102 totum
957 1034 1137 1114 invenies,
1163 1029 1257 1124 quod
1274 1056 1349 1101 esse

273 1159 306 1212 te
323 1143 458 1229 malles,
486 1167 527 1212 ex
550 1143 707 1212 omnihus
729 1141 865 1236 singula
887 1163 1072 1234 excerpas,
1097 1162 1173 1231 quse
1192 1137 1255 1204 tibi
1274 1137 1349 1206 duri

272 1258 390 1328 velles.
421 1261 514 1328 Bene
539 1248 726 1328 ωιιὶιιιιιῑιι3
742 1275 871 1328 naturae
895 1255 1131 1350 indulgentia,
1156 1253 1351 1322 confitearis

274 1399 411 1445 necesse
430 1363 503 1460 est,
526 1377 563 1444 in
581 1375 714 1444 deliciis
735 1391 769 1442 te
787 1374 838 1442 illi
855 1374 971 1444 luisse.
987 1375 1040 1442 lta
1056 1389 1108 1440 est
1129 1399 1139 1440 ι
1159 1372 1350 1439 carissimos

275 1517 336 1560 nos
350 1492 546 1562 babuerunt
560 1492 608 1561 dii
623 1491 852 1574 immortales,
872 1489 1080 1582 habentque.
1100 1492 1143 1558 Et
1160 1489 1221 1580 qui
1243 1490 1350 1556 maxi·

275 1631 350 1676 mus
373 1608 476 1677 tribui
501 1608 609 1677 honos
633 1608 764 1702 potuit,
792 1605 836 1676 ub
861 1607 944 1700 ipsis
966 1606 1137 1700 proximos
1163 1603 1350 1672 collocave-

277 1718 394 1793 eunti.
415 1728 542 1818 Magna
558 1727 772 1820 occepimus,
791 1724 919 1818 majora
932 1749 1006 1792 non
1019 1724 1170 1818 cepimus
1180 1715 1208 1790 ⁵.

323 1843 444 1912 XXX.
467 1845 568 1923 Haec,
590 1843 636 1910 mi
655 1841 847 1925 Liberalis,
869 1841 1060 1910 necessaria
1077 1835 1231 1919 credidi,
1248 1851 1288 1904 ut
1300 1833 1349 1900 di-

276 2083 346 2156 quesi
355 2083 650 2150 sinttnnste;stoet10e
661 2103 788 2159 repugna·
837 2082 945 2156 siologie
955 2082 1097 2135 Stoicorum
1108 2119 1115 2146 ,
1125 2081 1170 2133 lib.
1178 2080 1231 2142 lll,
1245 2098 1298 2152 cop.
1310 2097 1346 2149 tp

237 2209 242 2230 ,
277 2174 315 2214 ret
325 2179 332 2224 ;
343 2163 387 2214 sed
400 2163 460 2216 Stoa
477 2163 582 2231 docuit,
601 2163 687 2216 animo
699 2176 789 2216 natura
871 2183 893 2214 2.
907 2161 1018 2214 Deinde.
1029 2159 1198 2213 Consentiunt
1210 2177 1268 2210 mss.
1280 2156 1347 2209 scri-

276 2238 311 2292 sic
329 2251 488 2310 comparato,
509 2252 537 2291 ιιι
555 2239 653 2293 bonum
664 2239 789 2293 desideret
836 2239 966 2310 hontque:
981 2247 1084 2290 tontum
1096 2237 1189 2290 deinde
1198 2255 1207 2290 .·
1215 2234 1286 2306 quod
1303 2254 1346 2288 cur

275 2316 474 2387 ametque,maln
487 2330 622 2384 aversetur,
631 2324 692 2371 v‘ero
703 2337 789 2370 essen·
835 2339 888 2372 non
900 2317 1030 2372 ieramus?
1043 2320 1124 2371 Antea
1136 2318 1271 2386 :denique

276 2393 365 2457 tiator,
383 2394 475 2446 lslsum
491 2394 620 2467 repudias
633 2415 692 2448 eum
706 2393 788 2463 prime
869 2397 893 2450 3.
911 2393 983 2450 Bene
1000 2399 1152 2462 astimotn,
1170 2409 1216 2448 etc.
1232 2394 1342 2468 Supple:

274 2472 329 2525 viss
338 2472 392 2526 hac
404 2471 505 2547 propius
514 2473 649 2546 inspicere,
658 2473 787 2526 liberrime
834 2477 856 2530 si
866 2477 921 2530 haec
931 2488 1046 2529 accurate
1059 2476 1244 2551 explonveris,=
1253 2488 1345 2546 quete-

275 2569 361 2624 egere,
369 2564 442 2624 atque
450 2552 509 2604 ideo
520 2553 625 2606 virtutes
635 2565 659 2606 et
666 2565 730 2604 artes
737 2553 787 2605 sibi
835 2571 883 2606 nus
893 2565 990 2618 coeant,
1003 2567 1065 2608 tune
1075 2554 1242 2608 beneaestima
1249 2567 1345 2608 natum

274 2630 410 2684 conciliare
421 2650 492 2703 posse
507 2631 724 2706 ,sapientiumque
743 2629 788 2683 do·
834 2632 1027 2704 indulgentiam.
1047 2631 1176 2684 Curionem
1191 2632 1250 2684 Diis
1267 2631 1345 2684 horni-

274 2709 326 2762 ceri
339 2723 363 2762 et
371 2709 441 2764 disci.
452 2709 493 2764 Ci.
505 2709 676 2762 Tindemeuni
683 2708 786 2780 System
835 2729 895 2762 nem
912 2729 988 2781 quam
1001 2707 1051 2761 sibi
1063 2727 1115 2760 esse
1136 2709 1279 2773 (Juvenal.
1294 2710 1346 2762 Set

275 2788 321 2840 der
330 2789 456 2840 stoisclren
469 2787 570 2840 Plu'los.
582 2787 635 2850 lll,
648 2807 673 2858 p.
685 2805 723 2838 su.
732 2806 770 2857 eq.
834 2789 872 2854 X,
888 2789 955 2856 350)
972 2801 996 2841 et
1009 2801 1126 2842 naturam
1138 2807 1186 2839 nos
1201 2789 1343 2862 cogitasse,

311 2884 331 2918 r.
346 2867 395 2918 Cui
400 2865 469 2918 nilril
477 2885 528 2916 non
540 2866 661 2918 eodem...
670 2867 788 2931 pervium
834 2881 970 2939 antequem
988 2867 1093 2932 feeerit,
1110 2880 1157 2918 nec
1168 2878 1219 2918 tam
1231 2865 1289 2918 leve
1301 2885 1346 2918 nos

274 2951 319 2996 est.
329 2945 363 2996 ll.
378 2965 399 2995 e.
418 2943 463 3014 qui
479 2941 640 3014 rapidissimo
652 2961 727 2995 eursu
739 2962 788 2995 or·
833 2966 895 3019 opus
901 2967 962 3013 esse,
972 2957 1000 2998 ut
1009 2945 1047 2998 illi
1056 2944 1211 3018 potuerimus
1221 2942 1344 3004 excidere,

273 3017 332 3072 bem
344 3033 508 3094 pervagatur,
529 3033 553 3072 et
569 3019 624 3074 lues
638 3019 712 3073 etism
730 3041 787 3092 quse
833 3024 932 3096 egregie
942 3021 1240 3096 entiquierplrilosopltis
1249 3021 1344 3084 docuit,

273 3097 344 3151 invia
356 3097 481 3172 corporeis
497 3097 611 3150 sensibus
623 3110 682 3150 sunt
692 3098 786 3152 taritti-
833 3121 879 3153 nec
894 3103 956 3156 Stoa
978 3101 1129 3154 humanitati
1152 3101 1242 3154 delint.
1263 3101 1344 3154 Mults

273 3195 314 3230 me
325 3185 441 3251 penetrat
451 3188 476 3229 et
484 3195 515 3229 eo
527 3177 581 3248 ipso
594 3177 712 3250 temporis
720 3177 785 3230 arti-
834 3189 894 3233 vett.
901 3181 949 3233 lure
961 3179 993 3233 de
1002 3199 1030 3232 re
1038 3179 1097 3232 loce
1108 3179 1212 3252 collegit
1220 3181 1344 3235 &taeter

274 3254 331 3307 culo
342 3275 393 3326 quo
409 3267 540 3326 penetrare
552 3255 627 3327 eupit.
639 3257 717 3326 Quod
726 3276 785 3310 mos
834 3257 866 3312 sd
878 3261 957 3313 Mure·
968 3257 1092 3312 Antonin.
1101 3259 1143 3318 11,
1156 3277 1200 3326 ιι,
1211 3279 1237 3330 p.
1247 3258 1280 3312 ta
1290 3277 1345 3329 ,sip

273 3335 386 3406 sequitur
399 3335 528 3389 sideribus
540 3338 690 3388 velociorem
710 3336 784 3388 ride·
865 3337 995 3407 4.thur'
1004 3339 1144 3389 maximus
1144 3373 1194 3390 ......
1206 3339 1343 3392 collocass-

273 3435 329 3467 mus
347 3432 394 3467 nos
407 3412 484 3466 hodie
494 3413 540 3485 qui
552 3425 616 3467 storo
634 3413 717 3467 sidera
728 3434 783 3467 no·
831 3429 893 3471 nent
902 3417 1015 3470 :enimus
1023 3416 1150 3469 humanus
1161 3417 1232 3470 enim
1245 3429 1342 3490 estpars

272 3491 364 3544 vimus.
373 3492 441 3542 'lum
450 3493 566 3543 siderum
577 3501 660 3543 motus
672 3490 717 3562 qui
724 3489 784 3562 qui·
833 3495 885 3570 ipsa
894 3496 1010 3549 deorum.
1018 3496 1087 3550 Loca
1097 3494 1202 3547 Seuere
1212 3508 1238 3546 et
1248 3495 1344 3548 Stoico·

273 3569 330 3622 dem
352 3583 452 3644 apparet
469 3589 523 3622 uon
538 3571 573 3621 its
584 3569 685 3643 rupidus
703 3581 741 3622 est
756 3580 785 3620 ut
833 3591 889 3624 rum
901 3571 974 3644 reliq.
985 3592 1007 3624 e.
1019 3591 1041 3624 e.
1053 3569 1159 3623 Consol-
1178 3570 1219 3623 ud.
1234 3572 1311 3624 liele.
1320 3593 1342 3624 e.

274 3647 365 3699 mentis
380 3647 499 3701 hustrssrn·¹
512 3646 640 3699 velocitati
656 3664 785 3718 compare·
832 3649 909 3719 Me
921 3651 973 3702 Vit.
983 3651 1055 3703 Best.
1068 3669 1090 3702 c.
1102 3649 1142 3702 32.
1156 3649 1265 3724 Epictet.
1275 3651 1342 3703 Diss.

271 3725 504 3782 concurrerunt.
527 3727 546 3781 l.
567 3725 678 3800 opposite
698 3725 784 3778 laudat
832 3729 858 3795 l,
885 3731 915 3796 ιζ
932 3729 1036 3801 collegit
1053 3729 1153 3804 laipsius
1176 3729 1205 3781 in
1227 3729 1341 3802 Physiol.

272 3808 370 3882 Lipsius
381 3827 480 3861 versum
498 3807 606 3861 Homeri
622 3805 782 3859 notissimum
832 3807 908 3861 Stoic.
920 3808 958 3859 llI
968 3845 975 3874 ‚
986 3809 1010 3860 8.

272 3885 363 3957 Odyss.
371 3884 446 3950 nto:
454 3892 506 3939 Τῶν
516 3885 562 3946 νιίς
573 3885 717 3947 ὦκιιιιι,ι“ισιὶ
726 3907 782 3936 ner·
863 3889 888 3938 5.
896 3885 957 3938 Non
965 3889 1087 3955 cepimus.
1099 3887 1161 3939 Non
1175 3886 1341 3958 capecessoi-

272 3966 351 4032 ρὶιινῗι
370 3963 462 4032 νόημα,
479 3981 586 4035 quorum
601 3981 678 4014 naves
689 3961 782 4014 celeres
830 3983 886 4015 mus
898 3964 1030 4032 majorum.

270 4054 329 4093 sunt
342 4041 406 4093 sieut
422 4041 461 4092 uls
479 4041 565 4092 avium
577 4039 619 4092 vel
637 4039 756 4112 cogitatio
773 4062 780 4104 ;
863 4041 948 4093 XXX.
958 4043 1029 4094 Arte.
1043 4041 1120 4108 Quod
1131 4055 1182 4095 tom
1196 4043 1298 4116 copiose
1309 4044 1339 4096 de

223 4145 236 4158 κ
270 4118 394 4172 antecedit
405 4119 556 4192 cogitatione
567 4116 781 4190 phantasiasque
831 4119 930 4192 magnis
942 4117 1068 4172 beneficiis
1079 4119 1224 4174 disseruerit
1233 4141 1260 4174 se
1269 4141 1341 4174 ercu-

270 4197 452 4270 supputatione.
463 4195 708 4269 ConleronduLipsii
717 4195 783 4267 Pluy-
831 4209 867 4248 sat
879 4217 1028 4268 causamque
1036 4196 1104 4252 hene
1116 4200 1207 4264 allent,
1221 4217 1339 4252 nauss-
