2954 4926
426 501 522 570 Llss.
553 493 632 582 vl,
659 497 768 568 CAP.
787 500 860 571 tv,
1002 525 1006 536 ’
1124 501 1189 567 585

105 630 236 698 maria¹
263 627 452 712 deducitis,
479 643 620 724 propter
641 651 717 720 quae
741 630 909 721 quassatis
931 627 1052 710 urbes,
1080 628 1191 722 ignari

105 758 275 834 quantum
294 741 438 811 telorum
452 744 489 809 in
506 740 666 810 adversos
681 740 818 810 fortuna
836 757 1031 835 comparem
1051 757 1192 834 propter
1218 761 1234 812 3

105 885 199 952 quae,
208 861 318 953 ruptis
329 862 428 928 toties
440 859 630 940 affinitatis,
643 858 812 944 amicitiae,
825 858 977 952 collegii²
990 855 1189 936 foederibus,

105 979 201 1044 inter
221 976 465 1046 contendentes
490 975 575 1044 duos
597 989 765 1042 terrarum
790 975 885 1044 orbis
909 975 1012 1043 elisus
1031 989 1104 1060 εει,
1123 999 1191 1044 non

104 1111 188 1162 sunt
200 1112 312 1163 vestra
327 1121 335 1161 :
352 1095 389 1162 in
404 1093 550 1188 depositi
566 1117 668 1161 eausa
682 1107 764 1160 sunt
775 1143 784 1176 ,
794 1093 865 1185 jam
876 1093 1017 1186 jamque
1031 1092 1076 1160 ad
1087 1094 1190 1162 alium

104 1212 284 1280 dominum
306 1212 518 1305 spectantia3
544 1225 603 1278 out
627 1210 735 1278 bostis
758 1211 843 1290 ista,
861 1225 921 1278 aut
934 1209 1069 1278 hostilis
1086 1212 1189 1278 animi

102 1352 283 1398 successor
296 1327 436 1397 invadet
445 1320 472 1395 ³.
484 1328 621 1420 Quaeris
635 1327 807 1420 quomodo
822 1327 880 1395 illa
892 1341 949 1395 tua
963 1327 1090 1396 facias?
1101 1327 1191 1397 dono

102 1438 254 1515 dundo⁴.
280 1443 428 1515 Consule
453 1468 537 1538 ergo
557 1444 662 1512 rebus
683 1433 773 1526 tuis,
792 1460 827 1512 et
849 1459 976 1513 certam
994 1441 1056 1512 tibi
1072 1469 1189 1514 eorum
1211 1468 1225 1532 4

100 1575 209 1653 atque
230 1560 529 1656 inexpugnabilem
552 1561 800 1654 possessionem
823 1584 906 1654 para
918 1591 940 1645 ,·
957 1555 1191 1631 ⁵bonestiores

101 1673 183 1745 illas
197 1700 266 1746 non
283 1675 391 1747 solum
401 1729 412 1762 ,
432 1677 493 1746 sed
510 1680 653 1747 tutiores
673 1677 843 1764 lucturum
861 1675 948 1744 illud
966 1675 1059 1770 quod
1077 1680 1189 1771 suspi-

100 1795 175 1876 cis,
191 1817 260 1886 quo
271 1807 305 1862 te
316 1794 454 1862 divitem
467 1817 508 1862 ae
518 1809 694 1887 potentem
707 1809 826 1886 putas,
841 1794 1005 1887 quamdiu
1019 1795 1185 1888 possides,

100 1909 170 1979 sub
180 1912 315 1980 nomine
331 1910 469 1980 sordido
479 1912 573 2004 jacet
591 1939 599 1977 :
617 1910 736 1978 domus
751 1928 822 1992 est,
839 1935 957 1979 servus
969 1927 1021 1980 est
1030 1961 1041 1995 ,
1057 1914 1188 1980 nummi

100 2045 185 2096 sunt
203 2055 211 2094 ε
230 2053 337 2121 quum
355 2027 509 2111 donasti,
528 2027 736 2095 beneficium
755 2043 819 2094 est.

151 2145 212 2210 lv.
224 2133 240 2208 o
252 2143 398 2226 Fateris,
412 2144 538 2237 inquit,
554 2152 617 2210 nos
630 2141 814 2234 aliquando
826 2142 1032 2212 beneficium
1046 2169 1113 2214 non
1128 2145 1188 2214 de-

99 2257 187 2326 bere
200 2259 245 2340 ei,
258 2282 357 2352 aquo
369 2261 563 2353 accepimus
578 2286 585 2327 :
601 2284 684 2353 ergo
698 2278 853 2353 ereptum
868 2277 931 2328 est.
941 2289 956 2324 u
971 2261 1079 2330 Multa
1092 2278 1183 2344 sunt,

98 2389 245 2466 propter
257 2398 334 2466 quae
348 2373 555 2443 beneficium
566 2373 694 2443 debere
704 2371 892 2443 desinimus
904 2402 911 2440 ι
925 2379 1083 2468 nunquia
1097 2377 1187 2445 abla-

138 2583 159 2617 ι.
188 2565 377 2620 Cnoentatoros
404 2570 501 2620 morab.
530 2568 619 2620 Horat.
669 2567 812 2620 vimentum
824 2569 960 2642 superbum
973 2571 1130 2625 Pontificum
1143 2593 1185 2647 po·

96 2643 538 2714 Carm.tib.11‚0d.1,35:«Quod
549 2667 618 2699 mare
668 2647 733 2700 tiore
755 2649 841 2703 coeuis.
864 2672 877 2696 o
901 2651 1013 2704 Martial.
1036 2651 1080 2704 lib.
1102 2655 1182 2716 vtlt,

97 2721 213 2774 Dauniae
227 2724 288 2775 Non
304 2722 616 2777 decoloraverecaedest»
668 2726 755 2800 Epigr.
770 2743 879 2780 xttvzr
893 2729 977 2802 Rape,
1001 2750 1184 2801 congore.an-

96 2799 139 2850 ld.
152 2799 238 2851 Carm-
251 2799 296 2852 lib.
312 2799 368 2867 ΙΙΙ,
384 2801 435 2854 Od.
448 2817 489 2866 ιιι,
503 2822 577 2856 oss-a
593 2815 619 2854 et
667 2806 721 2866 ier,
736 2805 836 2876 posside
849 2807 1063 2878 :relinquendum
1072 2824 1108 2862 est
1119 2809 1125 2862 l
1136 2812 1184 2864 Su·

96 2876 155 2929 32«
167 2879 285 2931 Siculum
292 2898 361 2932 mare
370 2879 451 2933 Poeno
462 2901 615 2954 purpureum
666 2881 743 2954 perba
763 2883 846 2936 densis
869 2905 926 2937 arca
942 2887 1034 2960 palleat
1051 2889 1164 2946 nummis
1175 2912 1182 2954 ;

96 2957 237 3029 sangnine.
251 2979 265 3003 υ
424 3025 428 3034 .
668 2960 777 3014 Centum
798 2962 954 3036 explicentur
965 2965 1065 3038 paginae
1077 2965 1182 3019 Kalen-

133 3037 277 3104 2.Collegr'i.
287 3034 433 3110 Collegium
440 3036 518 3109 vulgo
526 3049 616 3092 estcoe·
667 3040 756 3092 darum
769 3057 775 3091 :
788 3041 890 3094 Jurabit
906 3041 986 3095 baeres
1000 3057 1022 3095 te
1034 3043 1099 3096 nihil
1116 3046 1181 3098 reli-

96 3125 138 3164 ιω
150 3111 289 3185 opificum,
302 3135 445 3181 servornm,
457 3116 614 3168 sacerdotnm
665 3112 759 3190 quisse,
771 3118 904 3192 Supraque
913 3121 1026 3194 pluteum
1038 3137 1062 3176 te
1073 3125 1178 3193 jacente.

96 3188 231 3260 inprimis;
244 3203 268 3243 et
282 3191 342 3244 binc
352 3212 401 3246 vor
415 3193 521 3264 collega.
538 3195 614 3247 Unde
665 3197 706 3250 vel
717 3217 817 3259 sarum,
830 3197 933 3252 Flentes
943 3202 1063 3274 superbus
1074 3203 1181 3256 basiabit

95 3267 237 3339 collegium
254 3287 356 3340 quoque
371 3290 416 3344 pro
432 3273 613 3326 communitate
664 3274 810 3341 eunuchos,
822 3277 929 3349 Tuoque
939 3279 1015 3331 tristis
1025 3277 1104 3343 filins,
1118 3283 1180 3335 velis

96 3345 254 3416 dignitatum
265 3367 417 3421 usurpavere
428 3388 436 3414 ‚
449 3348 579 3402 interdum
589 3365 613 3404 et
664 3354 745 3417 nolis,
760 3353 825 3406 Cum
835 3357 978 3410 concubino
986 3371 1059 3411 nocte
1071 3359 1180 3415 dormiet

93 3445 143 3497 pro
157 3427 288 3478 sociatim.
302 3425 520 3500 Ciner.proSert.
533 3430 612 3482 eta:
663 3431 777 3504 primo.»
1079 3450 1083 3456 '

95 3527 110 3550 a
118 3503 198 3556 Nulla
211 3503 316 3557 societas
325 3505 501 3580 vectigalium,
512 3506 612 3560 nullum
694 3511 718 3574 4.
725 3509 806 3562 Dono
812 3513 909 3563 dando.
917 3512 962 3565 ste
968 3515 1067 3572 Erasm.
1075 3519 1177 3589 aliique.

93 3581 235 3654 collegium
247 3620 255 3649 ,
265 3579 364 3636 nullum
376 3584 542 3649 consortium,
554 3586 613 3639 nul·
661 3587 714 3639 Alii
727 3590 797 3640 dono
808 3591 898 3641 dando
909 3611 928 3643 s.
941 3594 1072 3647 donando.

92 3662 151 3714 lum
164 3681 300 3714 commone
315 3663 460 3716 eonsilium.
472 3686 487 3711 u
663 3715 665 3720 ,
693 3665 903 3720 etimatiores.
917 3669 951 3720 li.
962 3689 983 3723 e.
993 3669 1175 3728 honoratiores.

129 3742 153 3793 3.
167 3742 228 3793 Non
240 3752 302 3794 sunt
314 3745 549 3797 uestro....r'nvodet.
559 3745 611 3799 Ho·
660 3739 754 3794 Gallie.
770 3747 833 3812 plus
850 3746 1013 3801 bouorobles.
1032 3751 1089 3803 Hoc
1110 3753 1175 3806 inl'ra

91 3819 154 3872 retii
166 3831 225 3872 nota
236 3820 364 3882 carmina,
376 3820 419 3872 lib.
428 3822 455 3874 ll
462 3861 470 3883 ,
485 3822 536 3872 Od.
546 3841 609 3876 xiv:
660 3820 767 3892 explieat
775 3820 878 3876 dicens:
890 3847 903 3872 ιι
914 3825 1045 3894 Quamdiu
1054 3830 1174 3902 possides.

92 3919 109 3944 α
121 3897 273 3968 Linquenda
285 3897 358 3952 tellus
371 3910 395 3951 et
407 3899 498 3951 domus
509 3911 533 3952 et
551 3900 610 3973 pla·
659 3900 705 3952 sub
715 3901 820 3955 nomine
829 3904 933 3957 sordido
945 3905 1015 3976 jacet.
1023 3909 1121 3960 Domus
1129 3924 1173 3974 est,

91 3997 155 4030 cens
167 3979 254 4042 Uxor;
269 3999 352 4048 neque
363 3976 454 4031 barum
472 3999 533 4050 quas
546 3982 609 4034 eolis
659 3998 744 4032 servus
758 3994 809 4048 est,
825 3983 925 4035 nummi
937 3997 1011 4049 sunt3
1024 4006 1102 4057 quum
1124 3990 1174 4042 de-

89 4056 215 4109 orbornm
226 4057 263 4108 Te
277 4070 367 4130 praeter
377 4057 471 4109 invisas
482 4077 610 4128 cupressos
661 4056 735 4120 disti,
749 4057 903 4128 bonolicium
917 4073 959 4113 est.
971 4084 984 4109 o

90 4136 154 4189 Ulla
163 4137 265 4189 brevem
279 4136 413 4189 dominum
424 4147 548 4207 sequetur.
558 4138 607 4189 Ab·
690 4135 735 4188 lV·
747 4139 816 4191 Λιιιὶ.
830 4139 945 4207 Quando
956 4153 979 4193 ot
990 4143 1120 4211 quomodo
1130 4144 1173 4196 be-

88 4228 175 4268 sumet
185 4214 264 4270 baeres
272 4217 379 4269 Caecuba
390 4216 494 4290 dignior
503 4218 607 4276 Servata
659 4211 778 4268 nostrium
788 4233 971 4292 corrumpatur,
979 4220 1031 4274 sive
1040 4221 1173 4292 extingua-

90 4305 195 4345 rentum
208 4293 327 4356 elavibus,
341 4307 365 4345 rt
377 4315 446 4347 mero
460 4293 554 4366 'linget
565 4314 607 4366 pa·
658 4307 706 4345 tur.
