2966 4948
454 467 876 556 munerun.
974 538 978 548 ,
1125 471 1190 557 343

127 620 206 664 rum
221 595 387 683 habenti3
407 612 447 664 ut
462 599 560 666 toties
576 597 775 684 nobiscum,
796 601 1017 692 quotiescum
1032 597 1100 668 illo'
1111 603 1120 636 ¹
1133 602 1189 671 ait.

127 712 255 804 Utique
275 711 485 797 cavebimus,
506 735 705 786 remunera
723 720 930 809 supervacua
946 717 1115 784 mittamus
1130 741 1138 784 ε
1154 729 1194 785 ut
1273 769 1280 778 .

128 830 264 900 femine
282 847 342 900 aut
359 830 433 900 oeni
451 855 544 916 arma
560 832 754 915 venatoria,
775 845 834 900 aut
850 833 976 902 rustico
989 831 1116 917 libret,
1134 849 1194 902 aut

128 946 252 1015 erudiit
264 971 305 1014 ac
323 946 431 1016 literis
446 944 560 1014 dedito
573 948 670 1016 retia.
686 947 795 1042 AEque
809 971 849 1016 cx
862 949 1032 1018 contrario
1044 950 1192 1018 circum-

129 1063 323 1155 spicimus,
341 1087 398 1146 ne,
414 1062 494 1132 dum
510 1081 605 1156 grata
617 1065 753 1132 mittere
766 1064 939 1148 volumus,
958 1088 1055 1134 ouum
1069 1066 1192 1158 cuique

129 1172 285 1242 morbum
303 1175 546 1268 exprobratura
566 1174 759 1260 mittamus3
781 1176 867 1244 aicut
884 1176 1015 1245 ebrioso
1032 1175 1131 1258 vina,
1158 1191 1193 1245 et

130 1287 380 1360 valetudinario
405 1288 662 1358 medicamenta.
700 1290 918 1384 Maledictum
950 1293 1042 1360 enim
1072 1288 1194 1386 incipit

128 1430 223 1488 eece,
244 1431 313 1476 non
329 1429 469 1488 munuc,
489 1406 525 1476 in
544 1430 611 1498 quc
627 1408 747 1476 vitium
765 1407 961 1500 accipientia
976 1408 1184 1500 agnoscitur.

179 1523 263 1590 XII.
296 1521 332 1589 Si
360 1520 540 1610 arbitrium
572 1518 675 1590 dandi
702 1543 807 1614 penes
835 1545 896 1590 noe
913 1537 993 1602 eet,
1022 1522 1192 1616 precipue

130 1664 290 1710 mancum
303 1663 506 1733 quaeremus,
524 1656 676 1732 utquam
692 1641 830 1710 minime
843 1640 983 1708 mortale
998 1661 1120 1710 munuc
1135 1643 1190 1710 cit.

130 1758 235 1827 Pauci
256 1757 347 1825 enim
365 1773 444 1826 runt
463 1773 530 1826 tam
548 1758 655 1850 grati,
673 1773 710 1826 ut
724 1757 816 1848 quod
832 1757 1046 1851 acceperint,
1062 1757 1193 1825 etiamsi

130 1899 206 1944 non
218 1870 356 1957 vident,
373 1875 533 1966 cogitent.
553 1875 700 1966 Ingratie
710 1897 844 1965 quoque
858 1874 1019 1942 memoria
1032 1897 1107 1954 cum
1122 1873 1196 1966 ipso.

132 2012 275 2058 munere
295 1988 465 2069 incurrit,
495 1985 556 2054 ubi
573 2002 652 2054 ante
677 1986 791 2056 oculos
816 2003 887 2068 eet,
914 2001 949 2055 et
972 1986 1125 2055 oblivisci
1144 1987 1196 2054 eui

132 2105 321 2187 muniuit,
348 2103 410 2172 ced
434 2120 605 2174 auctorem
634 2086 731 2172 suum
756 2104 884 2196 ingerit
908 2117 942 2171 et
959 2103 1118 2171 inculcat.
1148 2104 1197 2168 Eo

133 2216 273 2310 quidem
295 2219 402 2312 megia
426 2214 588 2287 durature
609 2240 819 2308 quaeramus,
835 2217 921 2307 ,quia
946 2239 1118 2308 nunquam
1137 2212 1198 2280 ad-

132 2317 273 2404 monere
303 2333 498 2404 debemus:
529 2335 611 2425 ipaae
637 2357 692 2401 rea
723 2347 978 2402 evanescentem
1002 2332 1198 2400 memoriam

134 2449 292 2517 excitent.
324 2447 502 2516 Libentius
528 2445 660 2513 donabo
686 2460 865 2539 argentum
893 2445 1017 2512 factum
1035 2450 1068 2528 ¹,
1096 2467 1197 2541 quam

134 2565 326 2658 signatum:
350 2564 513 2632 libentius
531 2579 674 2644 statuae,
690 2586 790 2654 quam
805 2577 949 2644 vectem,
967 2578 1002 2629 et
1014 2559 1107 2656 quod
1118 2585 1199 2630 usuc

133 2679 249 2748 brevia
274 2679 418 2749 deterat.
442 2679 544 2774 Apud
568 2701 693 2771 paucos
720 2693 795 2772 poet
812 2701 884 2744 rem
901 2692 1013 2745 manet
1039 2671 1198 2770 ³gratia:

133 2795 252 2888 plures
265 2797 363 2879 eunt,
377 2795 468 2889 apud
482 2820 565 2888 quoe
580 2819 648 2863 non
660 2793 787 2863 diutius
803 2795 839 2863 iu
849 2793 961 2876 animo
973 2809 1051 2862 cunt
1061 2792 1196 2874 donata,
1242 2771 1245 2777 ,

134 2935 238 3003 quam
252 2913 287 2980 in
304 2937 380 2982 nau.
395 2916 487 3007 Ergo
506 2913 534 2980 ai
548 2914 624 2982 fieri
638 2926 765 3005 potest,
783 2911 934 2979 consumi
950 2929 1073 2978 munus
1087 2929 1199 2975 meum
1281 2929 1285 2936 ’

134 3027 237 3098 nolo:
263 3046 388 3112 exstet,
410 3030 537 3098 haereat
561 3029 668 3098 amico
693 3051 787 3110 meo,
814 3028 982 3098 convivat.
1007 3029 1112 3094 Nemo
1131 3039 1199 3092 tam

172 3248 194 3292 ι’.
210 3237 249 3292 Ut
258 3243 332 3292 taleis
343 3237 472 3292 nobiscum
475 3275 514 3291 .....
523 3240 644 3292 sitAcu-
725 3234 1001 3305 2.Argentumsoclum
1011 3233 1039 3286 in
1050 3233 1114 3286 vasis
1126 3245 1151 3285 et
1160 3253 1201 3286 or·

135 3335 197 3369 men
215 3316 453 3370 horumverbornm
464 3317 539 3371 facile
552 3316 644 3370 eetiu-
691 3311 1199 3382 nrmentirtquodmanetntsignatum
1261 3351 1263 3356 ,

134 3395 259 3468 alligare.
265 3395 371 3464 Quoties
377 3394 509 3448 ilienortro
519 3391 642 3446 beneficio
691 3389 719 3443 iu
728 3389 846 3462 pecunia,
858 3389 927 3460 quod
937 3407 984 3440 nor
994 3388 1099 3440 dicimus
1105 3398 1200 3458 argent

135 3471 644 3543 ntatnr,totierbeueficinmadnosqnaai
691 3468 835 3537 monuaye'i
855 3468 905 3520 hoc
926 3467 998 3522 citius
1021 3467 1154 3540 dissipauit
1175 3477 1200 3518 ct

136 3549 645 3625 revertitur‚ideoqneisscnottrimemor
694 3547 753 3602 abir.
782 3547 859 3601 Facto
882 3557 985 3620 argento
1000 3545 1137 3619 opponitur
1154 3542 1199 3596 in·

137 3636 195 3690 erit·
694 3631 786 3684 sectum
813 3649 819 3680 :
844 3647 935 3702 purum
958 3639 982 3680 et
1003 3628 1117 3680 crciatum
1143 3636 1202 3679 cunt

171 3715 229 3768 xll.
239 3713 310 3766 Aac.
322 3713 444 3782 Quartam
457 3709 492 3764 ad
501 3723 596 3785 partem
606 3729 646 3762 ae·
694 3709 787 3782 species
798 3709 895 3779 argenti
906 3705 972 3759 tacti.

138 3793 217 3858 cedit,
225 3805 249 3844 et
256 3791 299 3845 ssl·
306 3787 571 3865 precinimbeneficia
581 3808 647 3841 rom·
728 3790 751 3842 3.
772 3789 838 3841 Post
860 3806 913 3840 mn
935 3793 1024 3838 maner
1042 3784 1140 3852 gralia.
1158 3781 1202 3838 Sic

139 3871 313 3943 mandatque
320 3889 437 3922 mansura
448 3865 648 3921 euntztoticeoc-
697 3865 840 3920 emendavit
860 3863 997 3916 Pincianus
1015 3879 1029 3912 e
1051 3860 1202 3931 conjectura.

138 3951 275 4024 ciperem
294 3949 374 4002 nostri
384 3947 571 4000 recordaturum
585 3961 649 4014 qno·
697 3944 819 3997 Gruterm
829 3943 927 3995 invenit
933 3958 1034 4012 quoquc
1040 3939 1068 3990 in
1077 3938 1133 3990 cod·
1141 3939 1204 3991 Nar.

136 4030 186 4083 tier
194 4029 250 4082 boee
258 4025 433 4080 videbittraro
441 4034 603 4078 evanescente
611 4025 646 4085 ie,
696 4017 1020 4078 redemendatnmalteriue
1029 4016 1204 4069 mannlitsi-

138 4105 647 4180 memoriamrnpmtitemcrseetmanere
696 4121 728 4154 ne
736 4100 788 4154 ullo
797 4099 875 4152 dubio
883 4097 960 4172 recipi
968 4094 1204 4149 debebatEmmus

104 4213 110 4222 ·
138 4187 258 4262 gratiarn-
266 4187 332 4238 Tum
343 4185 374 4237 tie
382 4175 564 4258 opportunitate
571 4179 648 4233 dandi
699 4191 722 4230 ct
731 4197 818 4232 omnes
828 4175 994 4248 codd.praeter
1007 4173 1080 4226 istum
1093 4172 1203 4225 habeut:

136 4285 217 4336 quam
231 4263 309 4317 modo
320 4263 435 4335 attigerat
448 4261 517 4334 plura
529 4258 649 4334 praecipit.
696 4267 756 4326 post
764 4267 877 4309 remanet
882 4256 979 4332 gratia.
