2976 4944
308 439 350 506 58
486 435 825 508 CONSOLATIO
850 439 918 506 AD
942 437 1181 507 HELVlAM.

308 571 380 632 me¹
405 589 565 658 magnum
588 565 712 634 habui!
738 567 852 662 itaque
876 569 1015 638 abstulit
1034 569 1113 652 itta,
1139 594 1207 638 non
1228 567 1366 635 avulsit.

307 683 482 750 Neminem
495 681 634 752 adversa
648 683 780 752 fortuna
794 686 1009 765 comminuit,
1022 686 1088 752 niti
1103 707 1203 776 quem
1219 682 1370 752 secunda

267 807 282 858 5
307 793 451 889 decepit.
468 797 520 864 Illi
535 799 747 888 quimunera
760 800 833 892 ejus
847 800 938 868 velut
952 825 1011 868 oua
1025 817 1059 866 et
1072 775 1258 893 perpetua²
1274 821 1369 864 ama-

306 929 448 996 verunt,
468 915 527 1004 qui
542 937 577 982 oe
591 931 730 1007 propter
744 915 801 982 illa
818 916 943 1009 suspici
957 905 968 949 ³
982 906 1161 984 voluerunt
1175 964 1183 996 ,
1201 915 1318 1006 jacent
1332 927 1369 978 et

306 1043 470 1110 moereut,
487 1051 589 1117 quum
609 1049 710 1095 vanos
728 1043 762 1094 et
775 1030 922 1120 pueriles
939 1032 1089 1112 animos,
1106 1021 1234 1095 omnia⁴
1250 1023 1368 1094 solidae

307 1140 486 1236 voluptatis
508 1143 669 1236 ignaros,
691 1142 773 1210 falsa
792 1160 826 1210 et
839 1143 975 1212 mobilia
994 1143 1238 1212 oblectamenta
1258 1140 1367 1208 desti-

309 1269 419 1325 tuunt.
444 1257 487 1327 At
505 1256 562 1324 ille
582 1259 640 1348 qui
663 1282 699 1324 se
718 1258 801 1326 laetia
822 1260 923 1328 rebus
942 1284 1010 1327 non
1032 1259 1182 1340 inllavit,
1209 1281 1272 1324 nec
1288 1279 1367 1322 mu·

308 1373 385 1438 tatia
397 1373 564 1440 contrahit
578 1372 758 1456 3adveraua
769 1391 950 1466 utrumque
964 1390 1086 1444 statum
1096 1366 1279 1442 invictum⁵
1292 1373 1370 1440 ani-

308 1513 399 1556 mum
415 1505 527 1572 tenet,
549 1491 727 1584 exploratae
742 1493 813 1583 jam
833 1493 1001 1560 firmitatis
1021 1519 1028 1556 :
1045 1516 1122 1558 nam
1141 1493 1177 1556 in
1197 1491 1270 1582 ipsa
1288 1488 1368 1556 feli-

309 1607 431 1688 citate,
454 1605 537 1698 quid
555 1623 676 1678 ‚contra
700 1607 930 1676 infelicitatem
952 1609 1100 1688 valeret,
1123 1624 1281 1701 expertus
1300 1621 1365 1672 est.

269 1737 286 1788 o
309 1724 427 1817 Itaque
445 1746 508 1816 ego
522 1724 558 1790 in
574 1722 639 1789 illia
652 1749 726 1816 quae
745 1748 858 1791 omues
872 1740 1009 1816 optant,
1032 1721 1217 1791 existimavi
1236 1745 1371 1814 semper

311 1836 397 1921 nibil
414 1839 485 1906 veri
510 1838 593 1935 boni
615 1840 749 1906 inesse:
769 1841 852 1930 quin
878 1841 1012 1918 inania,
1036 1855 1069 1908 et
1088 1839 1238 1931 specioso
1255 1862 1295 1904 ac
1313 1836 1373 1904 de-

310 1969 451 2047 eepturo
475 1955 554 2026 ¹luco
583 1947 795 2024 circumlita⁶
824 1957 956 2037 iuveni,
983 1956 1073 2024 intra
1098 1955 1185 2022 nihil
1209 1954 1370 2020 babentia

310 2068 413 2136 fronti
427 2094 495 2145 suae
509 2071 630 2136 simile.
653 2073 736 2138 Nam
755 2073 791 2138 in
809 2070 875 2138 illio
888 2095 964 2162 quae
978 2071 1063 2138 mala
1082 2086 1265 2150 vocantur,
1283 2067 1372 2135 nibil

311 2196 377 2250 tam
393 2184 544 2253 terribile
558 2208 598 2251 ac
614 2182 735 2251 durum
754 2186 911 2266 invenio,
932 2209 1032 2276 quam
1052 2187 1167 2278 opinio
1185 2184 1279 2278 vulgi
1304 2185 1371 2250 mi-

312 2301 456 2368 nabatur
477 2302 644 2368 :verbum
669 2301 806 2392 quidem
826 2305 958 2395 ipsum,
985 2304 1201 2395 persuasione
1226 2300 1373 2393 quadam

314 2433 349 2485 et
368 2442 531 2486 consensu
545 2417 615 2508 jam
640 2419 792 2510 asperius
816 2417 861 2486 ad
882 2443 980 2487 aures
1004 2421 1115 2500 venit,
1139 2434 1174 2486 ct
1196 2416 1374 2486 audientes

314 2552 481 2628 tamquam
494 2539 588 2604 triste
599 2553 632 2604 et
649 2538 855 2605 exsecrabile
869 2539 948 2605 ferit
965 2563 972 2603 ε
986 2541 1033 2606 ita
1043 2540 1133 2606 enim
1146 2539 1290 2632 populus
1299 2539 1377 2628 jus·

350 2749 370 2782 ι.
382 2729 556 2782 Intervallum
568 2740 634 2780 tuter
642 2729 691 2780 itta
699 2740 724 2780 et
734 2747 783 2779 me.
796 2729 817 2778 E
867 2728 910 2782 libi
923 2727 944 2792 l,
960 2729 1010 2782 Od
1023 2731 1045 2792 1,
1059 2749 1093 2780 vs.
1109 2749 1146 2782 ao.
1158 2727 1279 2782 «Partem
1291 2726 1374 2780 solido

315 2805 389 2859 codd.
397 2805 528 2861 nonnullis
540 2805 629 2878 recepi.
639 2807 725 2858 Antea
737 2824 742 2856 :
756 2807 823 2857 iuter
868 2805 966 2858 demere
983 2807 1014 2858 de
1025 2805 1074 2858 dic.
1091 2827 1104 2850 ν
1123 2804 1266 2876 Aliquando
1289 2817 1375 2857 umen

315 2902 356 2936 me
367 2894 392 2935 et
398 2885 455 2936 itta.
867 2879 1075 2952 significationem
1089 2896 1167 2934 mutat
1185 2894 1209 2934 et
1223 2903 1268 2956 pro
1279 2903 1304 2942 re
1319 2899 1373 2933 nou

348 2982 370 3014 2.
382 2953 438 3012 Suu
451 2971 476 3012 ct
486 2972 622 3028 perpetuu.
635 2959 747 3012 Subaud.
767 2979 819 3011 non
867 2959 963 3034 fragili,
974 2980 1026 3015 uon
1039 2961 1134 3014 caduca
1149 2973 1288 3030 usurpatur.
1298 2959 1372 3032 Apud

315 3059 436 3102 munera,
449 3057 505 3109 quae
517 3059 565 3091 vox
576 3037 652 3089 modo
671 3035 758 3110 scripta
776 3056 819 3088 oc·
868 3037 984 3090 eumdem
996 3037 1117 3091 Flaccum
1128 3037 1203 3090 babes
1217 3035 1373 3111 exemplum?

241 3133 256 3164 ι’
316 3118 406 3180 currit,
420 3117 462 3170 sed
476 3120 592 3184 negotia,
606 3115 678 3185 quasi
697 3115 820 3166 diceretur
868 3139 880 3161 o
893 3117 996 3169 lustum
1006 3128 1145 3169 ettenacem
1156 3114 1276 3188 propositi
1287 3115 1372 3166 virum

316 3213 355 3250 m
363 3217 426 3250 suos
436 3207 461 3248 et
467 3206 617 3264 perpetuum
628 3212 778 3246 mansuras.
868 3193 928 3244 Non
939 3193 1034 3245 civium
1047 3193 1121 3245 ardor
1128 3212 1203 3266 prava
1213 3191 1371 3262 jubentium,

349 3273 373 3324 3.
383 3272 494 3339 Suspiei.
505 3272 570 3324 Vide
583 3290 657 3342 quam
665 3281 721 3342 apta
735 3269 819 3322 verba.
868 3271 928 3324 Non
939 3269 1021 3322 vultus
1041 3271 1154 3324 instantis
1166 3269 1267 3342 tyranni
1283 3269 1372 3322 Mente

317 3351 433 3420 Suspicit
449 3352 493 3421 qui
511 3351 576 3422 inlr?
586 3348 680 3420 positus
699 3368 737 3400 res
747 3347 820 3398 altius
868 3347 1063 3417 quatitsolida.»

316 3428 374 3482 sitas
385 3427 577 3501 contemplatum
596 3425 699 3497 suspicit
712 3424 756 3494 qui
767 3423 820 3476 bu-
902 3429 922 3476 5.
933 3426 1067 3480 Adversus
1076 3465 1136 3482 .......
1148 3429 1277 3478 invictum.
1295 3425 1374 3478 Haud

317 3505 434 3558 mililoco
443 3517 513 3558 natus
524 3517 548 3556 et
559 3521 678 3564 manens,
690 3521 819 3576 procerum
868 3504 989 3556 absimilis
1004 3505 1048 3558 lib.
1062 3505 1111 3568 IV,
1125 3503 1176 3556 Od.
1191 3511 1226 3567 11,
1243 3522 1291 3554 vss.
1306 3503 1374 3556 3501

317 3583 541 3654 luxuriametopcs
553 3579 664 3652 adspicit.
869 3582 909 3646 55,
927 3583 1014 3634 Horat.
1032 3605 1044 3628 a
1064 3582 1245 3632 Αιιὶιιωε......,.
1256 3577 1374 3631 secundia
1433 3619 1437 3626 .

347 3662 374 3726 ⁴.
384 3659 490 3715 Sotidoe.
505 3656 714 3727 Frequentltsime
730 3675 758 3706 es
775 3674 821 3706 vox
868 3659 1034 3732 Temporibus
1046 3657 1179 3729 dubiisque
1188 3669 1295 3710 rectus.»

318 3739 387 3792 idem
398 3759 426 3790 ac
441 3742 543 3804 integer.
553 3736 595 3788 Sic
613 3729 702 3806 Virgil]
718 3732 823 3786 AEneid.
904 3737 1015 3790 §.Facu
1029 3737 1113 3788 Fucus
1128 3754 1210 3808 propr.
1219 3752 1306 3784 succus
1319 3731 1374 3802 qui·

319 3819 362 3875 lib.
369 3814 683 3884 Vl‚vs.5522«Solidoque
692 3812 824 3864 adamante
872 3811 931 3864 dam
941 3813 1002 3876 suit,
1019 3831 1094 3883 quem
1116 3831 1144 3862 cx
1159 3807 1269 3861 Lichcne
1281 3806 1375 3859 rocella

319 3896 444 3950 columna.
457 3919 470 3942 a
484 3897 493 3961 (
507 3913 565 3947 nam
576 3894 618 3946 bic
633 3913 665 3944 nc
684 3905 753 3963 putes
762 3891 822 3943 ada·
874 3889 984 3956 (bium),
1004 3908 1123 3942 vocamus
1143 3888 1256 3948 orseitte,
1280 3883 1323 3954 qui
1346 3883 1375 3934 in

320 3975 411 4032 mantis
421 3971 561 4026 duritiama
570 3984 642 4044 poeta
653 3969 770 4034 indicari,
779 3967 823 4022 sed
872 3965 936 4018 saxis
944 3965 1048 4018 marinis
1063 3965 1197 4040 provenire
1209 3961 1280 4014 solet.
1295 3961 1375 4014 Acce-

320 4051 387 4104 nibil
396 4052 522 4106 cariintns
533 4051 684 4104 essetsolido
693 4049 825 4100 adambu-
872 4056 961 4119 petunt
970 4057 1064 4097 veteres
1072 4039 1375 4108 ,utsubsternereturpur-

321 4141 357 4193 te,
371 4132 453 4182 solido
472 4129 607 4196 etepbanro
619 4126 708 4198 gallice
720 4135 756 4178 est
766 4128 823 4176 dia·
873 4122 975 4194 puraein
983 4121 1041 4174 lana
1050 4117 1214 4181 medicanda,
1228 4126 1314 4184 φῦκοςτ
1325 4135 1376 4185 qua

321 4187 691 4273 rnuutmasstfirboircplein.)
704 4201 824 4256 boeot.
873 4200 979 4252 mixtura
1003 4217 1109 4271 purpura
1131 4195 1239 4248 solidum
1267 4193 1379 4247 colorem
