2876 4940
240 378 304 442 552
575 375 643 442 DE
667 373 979 444 BENEFICIIS

240 509 351 577 Unum
365 522 415 574 est
432 507 524 600 apud
541 530 605 575 nos
622 507 769 590 bonnm,
790 487 969 575 honestum
989 535 995 573 :
1017 505 1053 572 id
1070 509 1273 601 pervenipe
1290 505 1338 574 ad

239 622 363 690 malum
383 646 450 690 uon
468 640 599 716 potest3
624 622 756 690 desinet
772 623 863 722 enim
883 607 991 692 malus
1004 647 1093 707 esse,
1110 625 1138 692 si
1153 623 1199 692 ad
1224 623 1339 690 illum

238 742 350 811 virtus
364 739 557 809 intraverit.
581 739 755 834 Quamdiu
774 755 886 808 autem
906 741 1014 809 malus
1039 758 1110 822 est,
1136 765 1253 809 nemo
1282 739 1339 806 illi
1434 825 1435 832 ἵ

240 855 322 924 dare
342 857 550 926 beneficium
562 873 674 950 potest
692 883 700 924 ι
720 857 802 948 quia
817 857 907 925 bona
920 857 1076 949 malaque
1092 857 1335 936 dissentiunt,

241 997 304 1042 neo
319 974 355 1070 in
370 998 475 1042 unum
489 989 584 1042 cunt.
600 973 683 1041 Ideo
698 996 797 1042 nemo
808 972 860 1039 illi
874 972 1034 1065 prodest,
1049 973 1129 1064 quia
1143 970 1339 1064 quidquid

198 1111 215 1161 6
240 1090 285 1158 ad
301 1091 395 1158 illum
410 1093 584 1184 pervenit,
600 1090 638 1158 id
651 1113 755 1184 pravo
772 1113 836 1158 usu
856 1091 1054 1183 corrumpit.
1078 1090 1340 1182 Quemadmo-

241 1208 322 1278 dum
336 1209 528 1278 stomachus
540 1209 658 1277 morbo
668 1201 828 1286 uitiatus,
845 1223 880 1276 et
894 1208 1058 1302 colligens
1071 1207 1194 1292 bilem,
1209 1233 1340 1300 quos-

241 1348 387 1416 cumque
413 1326 546 1419 accepit
569 1325 692 1409 cibos,
722 1339 857 1410 mutat,
879 1341 913 1392 et
932 1348 1032 1393 omne
1054 1326 1264 1393 alimentum
1296 1326 1338 1392 in

242 1464 376 1509 oausam
392 1439 520 1510 doloris
538 1441 669 1510 trahit:
694 1442 742 1508 ita
759 1441 893 1509 animus
915 1465 1044 1524 caecus,
1074 1440 1252 1533 quidquid
1277 1440 1338 1507 illi

243 1558 467 1638 commiseris,
488 1557 525 1624 id
547 1581 632 1626 onus
650 1582 770 1641 suum,
791 1573 827 1626 et
844 1559 1032 1651 perniciem
1050 1574 1085 1627 et
1104 1560 1339 1628 occasionem

244 1675 387 1744 miseriae
404 1672 496 1743 facit.
513 1672 732 1743 Felieissimis
753 1675 868 1766 itaque
886 1673 1217 1767 opulentissimisque
1241 1675 1339 1767 pln-

244 1793 367 1860 rimum
379 1807 479 1860 aestns
493 1791 629 1871 subest,
646 1791 826 1883 minusque
843 1813 879 1858 se
891 1792 1091 1876 inveniunt,
1109 1791 1227 1884 quoin
1248 1815 1337 1858 ma-

135 1981 139 1986 ,
206 1949 219 2000 7
241 1910 550 2004 jorcmmateriam¹
565 1905 850 1999 inciderunt,qna
860 1907 1118 1976 fluctuarentur.
1128 1911 1218 2000 Ergo
1229 1909 1335 1976 nihil

245 2040 356 2117 potest
367 2022 411 2092 ad
424 2022 529 2090 malos
538 2025 732 2114 pervenire,
747 2020 839 2114 quod
855 2023 996 2115 prosit²:
1013 2023 1115 2090 immo
1127 2021 1216 2091 nihil
1226 2025 1334 2116 quod

247 2148 314 2208 non
332 2153 464 2206 noceat.
483 2139 715 2230 Quacumque
735 2139 824 2206 enim
845 2137 914 2206 illis
932 2139 1181 2232 contigerunt,
1203 2140 1240 2206 in
1260 2165 1335 2208 na-

246 2272 358 2322 turam
375 2279 468 2322 suam
485 2271 642 2336 vertunt,
662 2271 697 2322 et
711 2247 827 2322 extra³
843 2257 1006 2348 speciosa,
1028 2257 1279 2349 profuturaque
1297 2258 1332 2322 ei

137 2391 140 2398 “
248 2372 381 2440 meliori
390 2371 565 2451 darentur,
580 2371 648 2442 illis
662 2372 823 2467 pestilera
835 2389 926 2440 sunt.
943 2371 1025 2440 Ideo
1039 2397 1102 2442 nec
1113 2369 1329 2442 beneficium

249 2487 330 2562 darc
349 2505 489 2582 possunt
513 2517 520 2561 :
540 2491 701 2581 quoniam
720 2514 820 2558 nemo
844 2505 955 2583 potest
977 2489 1070 2581 quod
1096 2513 1168 2557 non
1191 2487 1326 2574 habet,

249 2605 331 2680 dare
350 2634 357 2674 :
377 2607 436 2675 hic
453 2606 689 2675 benefaciendi
705 2608 877 2676 voluntate
894 2622 1000 2674 caret.
1078 2699 1079 2704 γ

209 2757 216 2784 i
299 2725 399 2792 XIII.
422 2725 489 2794 Sed
502 2725 656 2817 quamvis
669 2722 742 2792 hoeo
756 2725 804 2791 ita
817 2725 903 2808 sint,
915 2724 1070 2817 accipere
1085 2740 1198 2812 tamen
1214 2724 1328 2793 malus

249 2918 317 2973 mels
334 2919 488 2994 interpretati
500 2933 559 2973 sunt
573 2920 705 2974 Senecam.
721 2911 762 2972 At
808 2918 1327 2990 senderedebebantStoiei‚quialrisnon

250 2996 382 3051 decimae
394 2998 543 3052 estzatlraec
554 2997 662 3069 objectio
673 3009 760 3049 conus
808 2996 895 3070 positis
913 2997 984 3049 nulla
1004 2996 1036 3050 ad
1050 2996 1171 3049 virtutem
1188 2997 1231 3048 vis
1247 2996 1327 3048 malis

250 3076 393 3129 Stoicorum
406 3077 501 3150 dogma
514 3075 580 3128 nihil
592 3076 667 3128 valet.
681 3075 760 3126 Ilelu-
813 3076 899 3130 relicta
908 3091 969 3130 erat.

251 3168 286 3207 tat
313 3155 369 3207 illas
392 3153 592 3207 adversariorum
613 3151 760 3205 conclusio·
846 3153 1325 3226 1.Matertam.1)ivisiss:sievl‚29‚

251 3251 312 3286 nes:
323 3233 369 3286 etsi
381 3231 457 3296 mall,
471 3251 520 3301 qua
532 3231 610 3296 tales,
629 3250 682 3282 uno
695 3229 761 3302 apud
814 3254 824 3288 1
837 3252 844 3286 :
858 3234 938 3301 «Quo
950 3234 1028 3286 ditior
1037 3234 1094 3306 quis
1109 3233 1157 3296 sit,
1174 3253 1204 3286 eo
1224 3231 1327 3286 diffici-

251 3331 299 3363 nos
317 3310 399 3374 bono,
422 3309 528 3362 honesto
547 3327 631 3362 cerere
648 3307 760 3373 debent,
811 3312 861 3365 lius
873 3311 1005 3364 :sevir-turi
1016 3312 1048 3364 ad
1062 3331 1119 3365 eum
1132 3312 1256 3364 intram-
1271 3312 1325 3363 Res

252 3390 362 3460 ideoque
373 3387 497 3441 beneficis
507 3408 554 3440 nec
565 3389 624 3440 dare
635 3406 683 3439 nec
693 3385 763 3438 acci-
811 3411 855 3463 per
864 3410 890 3442 se
901 3401 976 3458 patet.

251 3489 310 3542 perc
321 3480 439 3541 possunt,
449 3465 636 3538 tameningrsti
648 3485 763 3538 cssepos·
847 3490 868 3520 a.
878 3467 1087 3537 Ergo.....prosil.
1104 3467 1179 3520 Nihil
1195 3467 1257 3520 boni
1272 3467 1325 3520 lto-

250 3561 324 3614 sunt,
346 3559 392 3598 etc.
413 3545 512 3598 lllutsvi
530 3545 614 3614 itaque
630 3554 655 3596 et
670 3543 698 3594 ln
712 3553 763 3594 at:
813 3545 924 3610 aestive,
936 3545 1006 3597 nulla
1018 3546 1105 3597 virtus.

252 3645 303 3696 quo
322 3621 480 3676 refutationis
495 3620 596 3673 initium
613 3619 762 3672 declaretur.
846 3624 870 3675 3.
888 3621 986 3676 Extra.
1005 3623 1173 3676 Extrinsecus.
1190 3623 1231 3675 Ne
1248 3624 1327 3676 uinis

250 3704 334 3754 *Aa
344 3702 389 3754 lsoc
399 3707 485 3754 sirone.
499 3699 549 3752 llic
561 3698 651 3771 incipit
662 3699 763 3750 reluta·
814 3701 905 3753 durum
926 3699 974 3752 hoc
996 3719 1046 3752 esse
1067 3712 1154 3770 putes,
1176 3699 1211 3752 ita
1231 3699 1327 3769 cogites

251 3782 287 3834 tio
306 3779 448 3855 posteriorls
465 3775 622 3850 syllogismi,
636 3775 763 3827 minorem
813 3797 899 3850 quaeso
912 3817 919 3845 ,
931 3777 1020 3842 malis,
1033 3775 1130 3829 utllant
1140 3776 1303 3850 proficientes
1318 3815 1326 3840 ,

251 3858 435 3932 impugnando·
457 3855 540 3908 Docet
559 3856 643 3926 itaque
667 3853 716 3906 boc
739 3867 764 3906 et
812 3875 921 3927 quorum
932 3857 1029 3908 Seneca
1037 3868 1085 3908 tres
1094 3856 1184 3909 classes
1194 3857 1327 3910 constitnit

250 3935 365 4006 sequenti
385 3935 479 4004 capite,
500 3945 524 3985 et
543 3932 639 3984 malum
657 3931 761 3983 reddere
812 3933 890 4006 Epist.
907 3949 992 3997 dxxv,
1009 3953 1063 3985 non
1080 3946 1159 3986 totam
1174 3933 1259 3988 lucem
1274 3953 1327 3986 esse

250 4033 321 4090 posse
332 4033 372 4080 ea,
392 4031 448 4082 quae
457 4008 586 4063 beneficiis
596 4009 688 4062 similia
696 4009 759 4070 sint;
812 4010 991 4082 aperiendam,
1005 4011 1049 4062 sed
1060 4010 1153 4062 sensim
1163 4010 1196 4062 ad
1207 4011 1327 4062 virtutem

247 4090 340 4162 quibus
352 4111 404 4143 non
415 4089 534 4151 redditis,
547 4089 601 4141 lore
612 4087 714 4140 demum
726 4088 763 4139 in·
812 4109 899 4142 eornm
912 4101 1024 4140 mentem
1037 4106 1089 4139 esse
1099 4087 1286 4140 deducendam.

247 4181 356 4246 gratum.
365 4169 420 4222 lloc
427 4181 580 4240 postremum
588 4167 681 4224 addere
689 4179 714 4218 at
721 4167 762 4218 de·
843 4167 913 4220 Xlll.
932 4171 1000 4219 ano.
1017 4166 1100 4218 Malus
1118 4167 1192 4219 etiarn
1211 4167 1326 4238 ingratus
