2990 4942
503 441 818 522 caporum.
1103 399 1104 407 Ν
1138 459 1201 545 145

121 563 330 659 Cnpitolium
345 566 534 656 dedicanti,
560 595 653 660 mors
671 573 733 645 filil
748 579 903 662 nuntiata
919 595 970 650 cst
988 609 995 652 z
1017 609 1119 676 quam
1140 591 1199 662 ille

122 684 301 756 exaudisse
314 685 553 774 dissimulans,
572 704 607 758 et
619 690 781 774 solemnia
791 697 1001 787 pontificalis
1014 706 1025 741 ¹
1041 708 1199 778 carminis

122 797 232 868 verba
246 800 422 894 concepit,
442 802 569 895 gemitu
581 825 653 870 non
665 803 936 901 interrumpente
949 817 1194 908 precationem,
1304 805 1309 812 ¹

120 913 218 984 etad
235 916 298 988 lilii
311 916 368 984 sui
386 939 531 1002 nomen,
548 921 632 988 Jove
650 923 845 1015 propitiato.
870 930 1027 1000 Putasses
1041 933 1116 1026 ejus
1127 936 1198 1006 luo

120 1029 338 1122 autaliquem
353 1031 456 1099 finem
469 1055 541 1100 esse
553 1031 694 1120 debere,
706 1036 806 1128 eujus
819 1027 950 1132 primus
963 1042 1049 1129 dies,
1066 1050 1197 1141 primus

120 1147 271 1240 impetus
292 1146 336 1214 ab
359 1147 523 1219 altaribus
548 1147 723 1241 publicis,
752 1168 788 1222 et
809 1155 917 1228 fausta
942 1167 1195 1256 nuncupatione

119 1283 193 1330 non
210 1259 352 1328 abduxit
367 1277 510 1356 patrem.
536 1264 671 1357 Dignus
687 1266 882 1338 mehcncule
901 1271 967 1342 fuit
981 1280 1195 1352 memorabili
1222 1323 1235 1357 a

119 1375 359 1462 dedicatione,
385 1375 509 1470 diguus
534 1379 739 1473 amplissimo
762 1385 975 1474 sacerdotio,
1003 1394 1064 1483 qui
1083 1395 1195 1470 colere

119 1492 206 1562 deos
225 1517 271 1564 ne
288 1495 393 1564 iratos
409 1495 548 1594 quidem
571 1495 712 1568 destitit.
738 1497 836 1570 Idem
854 1519 968 1577 minen
982 1513 1019 1593 ²,
1037 1527 1075 1580 ut
1094 1515 1195 1586 rediit

118 1610 290 1695 domum,
315 1626 348 1682 et
375 1611 530 1704 implevit
555 1613 690 1700 oculos,
721 1631 757 1684 et
780 1615 913 1710 aliquas
936 1645 1035 1694 voces
1062 1628 1198 1707 flebiles

117 1727 239 1813 misit,
268 1745 303 1794 et
320 1728 489 1820 peractis,
518 1752 595 1820 quse
622 1754 693 1798 mos
717 1748 790 1800 erat
814 1752 976 1826 prestare
996 1741 1191 1837 defunctis,

113 1839 164 1912 ad
176 1837 431 1937 Capitolinum³
446 1844 542 1914 illum
556 1843 659 1914 rediit
671 1847 815 1918 vultum.
832 1853 957 1936 Paulus
969 1849 997 1940 ⁴,
1015 1861 1105 1934 eirca
1118 1865 1194 1936 illos

116 1957 325 2028 nobilissimi
340 1958 504 2052 triumphi
519 1957 609 2046 dies,
626 1987 695 2054 quo
710 1964 862 2039 vinctum
876 1987 956 2043 ante
968 1997 1108 2048 currum
1122 1983 1194 2074 egit

114 2075 268 2161 Persen,
289 2071 408 2168 inclyti
430 2078 521 2169 regis
537 2101 686 2164 nomen,
708 2079 793 2164 duos
807 2085 895 2161 lilios
918 2090 954 2173 in
975 2092 1192 2186 adoptionem

112 2191 214 2261 dedit
228 2220 236 2258 ε
249 2216 335 2284 quos
344 2191 410 2260 sibi
420 2211 624 2281 servaverat,
634 2199 765 2270 extulit.
776 2200 906 2292 Quales
915 2223 1065 2280 retentos
1076 2231 1188 2306 putas,

112 2335 223 2403 quum
240 2311 331 2378 inter
344 2309 572 2383 commodatos
586 2313 700 2406 Scipio
715 2313 862 2388 fuisset?
880 2323 912 2388 N
914 2346 960 2392 on
977 2325 1051 2396 sine
1068 2321 1079 2363 ⁵
1095 2349 1189 2403 motu
1216 2351 1232 2404 3

109 2449 260 2494 vacuum
273 2425 369 2493 Pauli
383 2449 520 2494 currum
532 2427 678 2522 populus
686 2431 859 2499 Romanus
870 2433 1037 2529 adspexit,
1056 2449 1189 2522 concio-

111 2558 282 2612 natusest
304 2557 438 2618 tamen.
459 2557 495 2611 ct
510 2544 586 2637 egit,
598 2543 664 2614 diis
685 2547 831 2638 gratiss,
856 2552 949 2642 quod
966 2579 1102 2651 compos
1117 2569 1187 2634 voti

112 2659 222 2730 factus
238 2673 339 2726 esset.
364 2659 542 2725 Precatum
561 2660 721 2746 enimse,
749 2678 787 2729 ut
801 2666 829 2731 si
847 2665 930 2756 quid
952 2670 997 2738 ob
1013 2675 1187 2768 ingentem

112 2899 115 2908 ⁸
145 2876 626 2948 '‘Mffimtpejomlaepma-
676 2875 725 2932 lius
746 2879 840 2936 Paulus
850 2884 1051 2959 illaeedonicns,
1069 2897 1184 2958 Africani

105 2955 557 3029 fimhomfflnp'ffivemuflss
569 2955 625 3009 init,
674 2954 782 3014 minoris
794 2973 864 3032 pater
876 3001 883 3028 ,
895 2983 971 3033 quem
983 2982 1008 3022 et
1023 2984 1085 3026 natu
1096 2979 1184 3034 maxi-

107 3035 223 3088 wlemne
236 3052 337 3087 carmen
347 3033 505 3107 precationis.
523 3033 623 3088 Ernesti
673 3052 744 3086 mum
753 3034 835 3090 filium
847 3041 1005 3112 adoptandos
1016 3047 1097 3120 dedit,
1108 3055 1181 3112 illum

109 3112 184 3165 Clav.
199 3112 254 3165 Cic.
266 3112 283 3164 i.
292 3133 318 3182 q.
326 3131 386 3164 mox
397 3114 564 3180 nuncupatio.
673 3111 788 3186 Scipioni
799 3117 914 3174 Africani
927 3126 1030 3197 majoris
1040 3127 1096 3188 filio
1112 3135 1180 3196 huuc

139 3187 621 3248 2‚1demtcmen.0matnmablsisto·
670 3190 744 3244 Fabii
764 3193 870 3252 lllexiuri
893 3197 970 3257 lilios
987 3224 1131 3282 susceperat
1150 3235 1180 3268 ex

105 3266 144 3318 rie
156 3265 270 3318 alienum
280 3266 322 3319 hic
335 3267 410 3320 iacile
422 3283 551 3340 agnoscas.
669 3266 770 3339 Papiria
782 3289 788 3323 :
799 3291 849 3342 qna
871 3275 991 3345 dimissa,
1003 3283 1032 3338 in
1045 3289 1180 3346 matrimo-

138 3341 164 3396 3.
185 3345 369 3412 Capitolt’mm.
388 3345 484 3408 Jureto¹
498 3344 617 3411 debetur,
668 3345 740 3400 mum
753 3347 822 3406 diuisit
833 3353 938 3410 alteram
948 3397 956 3425 ,
968 3379 997 3412 ex
1007 3381 1058 3432 qua
1069 3365 1133 3422 duos
1146 3369 1177 3422 li·

106 3423 193 3497 Lipsic
203 3423 269 3474 bene
284 3423 412 3497 probante.
430 3425 512 3477 Antea
527 3423 613 3478 enim:
666 3422 810 3498 liesgenuit
820 3442 946 3500 retentos,
960 3438 1002 3505 qui
1016 3452 1100 3496 tamen
1111 3465 1177 3502 rnor-

105 3502 285 3571 αρίωιὶωη,
303 3501 377 3568 nullo
392 3521 475 3556 amu.
491 3501 555 3554 Mox
569 3503 633 3565 iu-‘
665 3502 789 3572 ruitum,
810 3505 871 3560 alter
887 3509 977 3566 diebus
991 3518 1105 3590 quinque
1117 3538 1175 3578 ante

100 3581 168 3647 αρ’
183 3597 251 3648 ’²6¹⁸
272 3599 366 3632 mm
382 3580 487 3652 Lipsius
509 3579 614 3634 ecodd.
664 3580 821 3656 triumphum
835 3590 912 3661 patris
933 3593 965 3645 de
981 3615 1040 3670 rege
1055 3599 1175 3658 Macedo·

100 3655 189 3709 firmat
209 3673 217 3708 t
238 3669 275 3710 eet
293 3670 318 3710 et
334 3677 374 3728 ap.
397 3659 497 3711 Erasm.
509 3659 614 3732 lipsius
663 3658 829 3723 niaeffleseo
840 3686 848 3727 ;
861 3666 923 3722 alter
933 3672 1018 3726 triduo
1029 3679 1174 3748 posttrium·

100 3734 212 3788 mavult:
220 3735 532 3810 inclytum-§ednonopus
539 3749 614 3790 est-
662 3737 750 3810 phura.
762 3741 819 3794 Liv.
833 3743 912 3810 XLV,
924 3749 965 3814 lo.
977 3747 1025 3804 fin.
1035 3773 1048 3804 a
1058 3773 1112 3825 quo
1122 3758 1172 3812 ‹lia-

101 3814 282 3881 stpgffimm
292 3813 612 3890 „armvultmmp
649 3817 738 3870 ,sentit
757 3819 785 3872 in
807 3821 897 3877 ordine
923 3830 1087 3884 morientium
1109 3835 1172 3888 Plu-

98 3893 145 3964 qui
169 3891 274 3944 decebat
294 3891 490 3965 triumphantem
504 3929 512 3956 ‚
532 3913 610 3963 quom
660 3894 737 3946 tarch.
750 3897 842 3951 AEmil.
854 3900 927 3954 Paul.
939 3908 1105 3980 c·5‚(p·²l⁸·
1115 3917 1169 3984 sq.)

96 3987 178 4022 curru
191 3969 325 4022 veheretur
336 3968 474 4044 magnifico
487 3969 515 4022 in
530 3969 611 4044 Capi·
660 3982 685 4022 et
695 3991 717 4026 e.
730 3973 772 4026 35.
784 3979 825 4048 (p.
836 3978 892 4045 314.
903 3981 944 4034 ed.
953 3983 1036 4038 deick.
1047 3989 1107 4041 Vol.
1116 3993 1168 4058 ll.)

95 4047 206 4111 tonum
218 4060 261 4099 m,
272 4047 483 4102 masmim„
497 4049 525 4101 i„
536 4049 612 4122 &pi-
692 4053 714 4103 5.
723 4050 784 4104 Non
795 4057 849 4109 sine
863 4070 944 4124 motu,
957 4063 1032 4116 elul]
1040 4064 1115 4120 Livio
1123 4068 1169 4123 l.l.

95 4125 183 4187 tolio;
202 4125 300 4178 vultum
321 4124 428 4178 hilarem
443 4125 609 4197 alacremque.
658 4125 768 4200 Majotea
775 4131 965 4206 filiiquiqne,in
976 4140 1169 4201 mdiutluuuit

126 4202 280 4271 ᾼΡωὶω.
299 4201 404 4258 Celeber
420 4203 464 4256 ille
478 4205 507 4256 l..
523 4203 609 4257 AEmi·
656 4207 781 4280 stipendia
792 4210 845 4284 jam
856 4222 1167 4299 merentes,eqoispeteem

169 4299 215 4367 Π.
953 4339 994 4382 ιο
