2966 4948
312 477 379 566 ηις
469 469 538 537 nn
563 469 758 542 uonrn
783 469 1006 540 cnsnnu
1030 469 1215 540 nunus

309 599 459 670 Ubibaec
471 597 646 680 Claudius,
665 597 790 692 gnudet
803 621 876 666 esse
890 599 961 668 illic
972 598 1165 694 philologos
1182 606 1190 636 ¹
1206 601 1375 684 homines,

308 731 421 809 speret
440 715 592 784 buturum
607 715 755 806 aliquem
778 714 954 784 historiis¹
973 717 1043 784 suis
1063 714 1187 784 locum.
1208 719 1329 809 Itaque
1343 736 1378 786 et

308 835 381 925 ipse
396 835 574 902 Homerico
589 855 691 900 versu
704 831 871 900 Caesarem
889 853 926 900 se
940 856 1013 902 esse
1028 833 1247 925 significans,-
1261 835 1334 902 ait:

483 963 594 1030 llm’dn‘
605 999 630 1044 pr
643 975 718 1045 piper
728 975 810 1042 ἔνιμος
821 979 940 1029 metm
951 979 1076 1030 elimes.

304 1101 384 1164 Erat
402 1112 514 1164 autem
528 1119 674 1187 sequens
690 1117 809 1162 versus
822 1095 957 1178 verior,
975 1119 1071 1188 reque
1089 1097 1313 1165 Homericus:

485 1218 551 1286 Hodie
560 1231 583 1284 δ’
594 1231 650 1294 driu
662 1229 732 1282 ulto
742 1229 845 1300 impubes
856 1267 864 1297 ,
874 1235 950 1285 alces
961 1217 982 1284 δ’
995 1229 1088 1294 αὐτούς.

350 1355 409 1420 vl.
437 1355 479 1420 Et
501 1344 736 1442 imposuernt⁴
764 1349 903 1418 Herculi
936 1351 1076 1418 minimo
1102 1347 1300 1418 discrimine
1330 1351 1377 1419 fa·
1473 1355 1474 1362 ’

300 1459 462 1550 bulam⁵,
501 1467 566 1534 nisi
592 1466 711 1532 luisset
736 1465 807 1533 illio
831 1465 980 1550 Febris,
1011 1491 1087 1558 quae
1120 1466 1198 1532 lano
1221 1489 1285 1533 suo
1315 1489 1375 1534 re·
1473 1519 1474 1524 ,

299 1584 380 1651 licto
393 1577 406 1617 ⁶
421 1583 491 1650 sola
511 1605 586 1648 cum
606 1579 665 1647 illo
679 1597 819 1647 venerut
835 1608 842 1648 :
860 1598 999 1649 caeteros
1018 1605 1134 1650 omues
1153 1581 1235 1649 deos
1255 1583 1372 1649 Romae

300 1699 498 1790 reliquerat.
522 1699 613 1776 Iste,
631 1697 761 1788 inquit,
778 1721 871 1764 mere
887 1697 1062 1765 mendacia
1079 1712 1209 1766 narrat.
1222 1699 1296 1790 Ego
1308 1696 1372 1763 tibi

300 1817 395 1898 dico,
413 1839 487 1908 quse
504 1839 580 1884 oum
595 1815 668 1906 ipso
683 1827 730 1880 tot
748 1836 854 1880 annos
874 1814 941 1880 vixi
957 1839 965 1878 ι
983 1813 1144 1905 Lugduni
1159 1815 1170 1860 ⁷
1188 1828 1367 1882 natusest.

296 2009 350 2062 usli
360 2007 501 2062 Homericis
511 2005 624 2058 versibus
636 2003 757 2058 Claudius
767 2003 807 2056 lo·
855 2005 970 2080 puerities
985 2018 1061 2076 etque
1081 2005 1258 2060 adolescentie
1271 2017 1371 2078 tempus

289 2087 427 2158 *quebatur
445 2087 551 2138 Sueton.
573 2105 595 2138 o·
617 2085 656 2149 4²·
679 2083 723 2134 Sic
745 2101 805 2134 cum
855 2085 932 2138 variis
949 2097 974 2136 et
990 2083 1119 2136 tenacibus
1132 2083 1371 2135 morbisconlliets-

296 2163 444 2215 Fromondo
453 2159 609 2236 interpretari
620 2160 719 2216 malim.
729 2178 805 2232 quam
856 2176 896 2215 tus
906 2175 959 2225 est,
972 2163 1036 2215 ad'eo
1050 2175 1078 2214 ut
1088 2161 1174 2214 animo
1188 2160 1266 2213 simul
1278 2173 1303 2212 ct
1313 2181 1370 2213 cor·
1381 2213 1385 2222 ,

295 2261 354 2296 curo
363 2240 420 2294 eliis
429 2240 461 2292 de
473 2238 711 2292 Hercule-Errat
720 2235 808 2289 bierir
856 2240 1039 2315 pomheheuto
1049 2260 1082 2292 ne
1090 2238 1370 2313 progrmssrmlop

294 2319 340 2378 cl.;
362 2338 421 2369 nim
441 2337 515 2370 v⁰tt⁵
531 2317 689 2384 Pltllvlssssvts
710 2324 735 2366 el
753 2319 809 2383 lpse
857 2333 920 2372 tasse
932 2357 940 2384 ,
951 2331 1039 2372 monet
1050 2319 1229 2383 Fromondus,
1242 2317 1320 2370 etiam
1331 2319 1371 2368 le-

294 2398 369 2474 plane
377 2391 809 2467 indicautHerculemjamlocutum
858 2397 899 2450 bri
911 2417 969 2450 eum
981 2397 1114 2449 decessisse
1126 2397 1223 2448 Seneca
1235 2395 1320 2448 videri
1330 2413 1371 2447 eo·

297 2495 356 2530 esse.
368 2489 413 2526 nu.
539 2529 543 2536 ,
859 2475 914 2538 luit,
922 2488 951 2527 ut
962 2473 1041 2530 boleti
1055 2486 1080 2526 et
1091 2469 1209 2526 veneficii
1218 2471 1368 2546 Agrippiue

331 2555 513 2622 nPlu'lologos.
522 2553 542 2603 l.
553 2573 574 2604 e.
583 2553 677 2604 doctos.
685 2548 742 2601 lllio
752 2567 807 2600 serr·
857 2553 1028 2620 suspicionem
1037 2563 1166 2604 averteret.

294 2652 323 2687 su
340 2631 555 2708 reprehenduntur
564 2631 611 2704 Ep.
623 2643 699 2694 cvrrr,
713 2631 754 2694 24,
768 2631 807 2700 59.
891 2635 913 2683 5.
925 2629 1039 2682 llIs'ns'ms
1050 2629 1338 2700 ds'scrt'ms'nesabulam.
1348 2629 1368 2680 l.

329 2733 349 2763 2.
362 2711 499 2764 Historiis.
521 2709 624 2761 Grreess
637 2705 707 2756 eninr
725 2703 806 2774 scrip-
856 2729 877 2761 ι,
895 2727 975 2782 paene.
986 2707 1038 2758 ,Sic
1057 2706 1134 2758 editio
1154 2725 1236 2771 rom„
1250 2725 1330 2777 quam
1345 2719 1368 2758 et

294 2801 358 2842 serat
370 2787 485 2841 historias
496 2786 644 2855 Τυρῥηνιιῧν
662 2782 725 2845 XX,
737 2789 806 2851 Kup-
855 2785 948 2838 Beatus
960 2783 1042 2837 llbeu.
1053 2783 1165 2855 sequitur
1176 2800 1184 2834 ι
1197 2783 1368 2835 assentiuntur

294 2867 441 2934 χηδονιικίῑν
456 2865 531 2926 Vlll,
557 2874 646 2934 preter
667 2879 725 2924 ess,
744 2879 805 2929 quat
855 2861 959 2935 quidam
970 2861 1048 2914 codd.
1057 2873 1117 2912 teste
1126 2860 1284 2912 Fromondo.
1295 2860 1367 2913 Reli·

294 2961 409 2996 sermone
423 2941 501 2994 latino
515 2938 691 3009 conscripsisse
704 2949 805 2989 testatus
855 2941 899 3012 qni
914 2959 1001 2992 omnes
1013 2938 1102 3005 codd,
1122 2938 1159 2990 uti
1171 2938 1282 2990 Parisini
1296 2977 1303 3002 ,
1316 2938 1368 2990 ba-

295 3025 445 3078 estSueton.
460 3042 481 3076 c.
495 3021 537 3086 41,
550 3020 591 3083 ds.
854 3020 915 3072 beot
933 3037 940 3070 ι
958 3020 1068 3071 Herculi
1090 3019 1199 3070 neuim
1220 3019 1368 3071 discrimine

334 3099 357 3151 3.
382 3101 479 3152 tlso'drs
506 3111 551 3150 etc.
578 3097 670 3149 Versus
697 3093 804 3148 Homeri
845 3095 1366 3170 subros‚siresebm,aberrentequippe

295 3179 405 3248 Odyss,
425 3203 449 3241 ι,
469 3177 508 3248 39
531 3188 585 3240 est,
601 3194 653 3245 quo
668 3171 804 3226 Claudium
856 3173 951 3226 librarii
960 3173 1057 3226 calamo
1067 3173 1098 3225 ad
1109 3185 1255 3243 sequentem
1267 3193 1366 3226 vocem.

295 3255 418 3306 Cererem
430 3272 456 3306 se
466 3273 518 3306 esse
530 3265 555 3306 et
570 3253 601 3306 sb
611 3252 667 3305 lulo
675 3251 803 3322 r'rojsno,
855 3255 968 3308 Minime
977 3253 1054 3322 vasso
1065 3265 1100 3306 est
1110 3253 1183 3304 lunii
1195 3254 1341 3306 emendatio
1353 3273 1367 3305 e

294 3329 455 3396 AEuerelilio,
473 3332 609 3384 oriundum
628 3331 686 3382 satis
703 3329 807 3381 obscure
846 3333 944 3405 fabrus
956 3349 1086 3404 perperam
1099 3329 1196 3392 elbets,
1208 3341 1232 3383 et
1242 3331 1365 3405 indigna,

295 3422 319 3461 et
332 3409 437 3462 ridicule
449 3407 582 3482 significat.
593 3409 631 3462 Ab
638 3409 695 3472 llio,
703 3408 806 3478 siju
856 3429 912 3482 que
925 3407 956 3462 ab
970 3409 1107 3462 editoribus
1119 3409 1146 3460 in
1157 3421 1251 3460 testum
1265 3409 1368 3463 immit-

294 3485 638 3540 seeundussivecitusventus
646 3483 807 3538 meadmorit
854 3499 964 3552 teretur,
983 3487 1074 3560 quippe
1086 3486 1130 3555 qui
1149 3486 1227 3559 probe
1247 3501 1366 3556 nossent,

297 3565 441 3616 Ciconibus.
460 3565 499 3616 lbi
518 3565 621 3634 quidem
645 3583 692 3636 ego
716 3561 806 3615 urbem
855 3585 938 3636 neque
965 3565 1069 3616 Herculi
1092 3565 1141 3618 boc
1159 3566 1281 3636 opusculo
1302 3565 1368 3618 stul-

295 3643 389 3694 vastavi
410 3657 434 3694 et
454 3641 550 3714 incplas
572 3641 662 3694 occidi.
687 3640 806 3711 Sequitur
854 3645 915 3696 sitin
933 3643 988 3695 dari
1005 3655 1099 3716 partes,
1112 3661 1194 3713 neque
1211 3643 1364 3706 Herculem,

294 3720 377 3772 statim
394 3719 421 3772 in
444 3720 557 3772 Homero
574 3719 620 3770 iste
639 3737 724 3770 versus
743 3705 806 3769 ἔνθα
855 3722 899 3790 qui
910 3734 990 3774 totum
998 3720 1085 3774 orbem
1094 3734 1216 3773 terrarum
1223 3741 1367 3795 pererrare-

245 3865 248 3874 ‘
295 3809 341 3849 etc.
361 3810 386 3849 et
401 3795 538 3849 bellissime
555 3796 582 3847 in
600 3795 680 3848 caedes
694 3795 806 3848 etsaeri-
855 3811 914 3865 rst,
936 3799 1103 3870 eumdemque
1125 3799 1286 3872 lllusagetsrn
1313 3821 1366 3854 esse

295 3876 356 3926 tiam
369 3873 472 3927 Claudii
485 3875 557 3928 cadit.
854 3897 925 3952 pesse
939 3878 1046 3930 minime
1062 3879 1171 3930 vafrum.
1182 3879 1305 3944 Reliquas
1317 3881 1366 3932 vi·
1473 3901 1474 3906 ¹

327 3955 444 4006 VLrltto.
453 3953 638 4017 Febrisnarrat,
648 3952 704 4021 quis
717 3952 804 4004 illesit.
854 3975 903 4008 ror.
917 3955 982 4006 doct.
997 3955 1185 4008 emendationes
1199 3957 1298 4009 omitto.

327 4035 349 4098 l.
363 4032 401 4084 Et
411 4037 570 4098 inposuerat
580 4043 626 4082 etc.
638 4031 732 4082 Parum
743 4031 803 4082 abe*
885 4033 909 4084 6.
921 4031 1000 4084 Fano
1012 4051 1059 4084 suo
1072 4037 1164 4086 relicto.
1179 4032 1289 4084 Fanum
1301 4035 1365 4087 Dee

292 4123 330 4162 rat
348 4111 408 4178 quin
429 4111 558 4162 fefellisset
574 4107 730 4171 Herculem,
754 4108 803 4160 nisi
853 4109 941 4161 Febris
953 4109 1042 4162 Romae
1056 4110 1083 4160 iu
1098 4109 1196 4162 Palatio
1210 4109 1289 4162 luisse
1303 4111 1365 4164 diois

290 4187 381 4240 Febris
389 4189 518 4240 veritatem
531 4185 674 4258 aperuisset.
687 4187 802 4238 Conseu·
852 4186 921 4239 Plio.
930 4187 963 4238 H.
974 4188 1008 4238 N.
1019 4188 1057 4250 ll,
1077 4205 1100 4250 ⁷·

290 4266 554 4320 titSueton.Claud.e.
566 4283 740 4338 mperomne
750 4265 800 4317 lere
884 4285 907 4327 7.
925 4264 1056 4331 Lugduni.
1068 4263 1209 4318 Confirmet
1222 4265 1292 4318 Suet.
1305 4287 1327 4318 e.
1340 4287 1363 4317 π.
