2954 4926
299 489 367 552 088
636 481 706 549 DE
730 481 1038 552 BENEFICIIS

299 613 468 682 beneficio
488 615 598 708 gratia
621 611 780 699 debetur,
807 630 841 682 et
864 614 999 708 injuriae
1024 615 1123 684 uitio.
1146 617 1219 684 Nec
1239 639 1306 709 ego
1330 617 1375 684 ilii

300 731 442 822 gratiam
458 727 588 810 debeo,
605 754 670 798 nec
683 729 742 797 itte
756 730 842 796 mihi
855 753 992 823 poenam
1011 757 1018 796 :
1040 731 1128 799 alter
1140 729 1185 798 ab
1199 731 1310 798 altero
1323 731 1377 798 ab

299 845 473 913 solvitur¹.
497 845 615 937 Quum
630 844 793 931 dicimus,
817 847 1027 915 Beneficium
1052 847 1103 914 ilii
1125 845 1287 930 reddidi,
1310 872 1376 916 non

298 957 366 1027 hoc
378 958 523 1030 dicimus
534 1009 544 1045 ,
555 961 643 1030 illud
655 985 716 1030 nos
728 958 823 1054 quod
836 984 1077 1054 acceperamus
1089 960 1281 1031 reddidisse
1295 990 1303 1028 ε
1320 961 1377 1031 sed

241 1111 255 1142 ι
297 1074 392 1144 aliud
403 1102 466 1170 pro
480 1077 553 1147 illo.
567 1077 745 1147 Reddere²
761 1079 851 1146 enim
867 1091 918 1144 est
926 1127 937 1158 ,
950 1099 1021 1144 rem
1033 1100 1096 1170 pro
1110 1100 1147 1144 re
1161 1077 1258 1146 dare.
1271 1077 1377 1170 Quid-

298 1193 336 1260 ni
346 1193 473 1286 Pquum
487 1196 596 1262 omnis
609 1193 732 1262 solutio
745 1217 815 1261 non
825 1191 916 1260 idem
925 1192 1061 1276 reddat,
1076 1192 1137 1262 sed
1150 1194 1372 1263 tantumdem.

297 1309 383 1374 Nam
402 1325 436 1376 et
452 1309 630 1404 pecuniam
648 1307 798 1376 dicimur
816 1306 1026 1394 reddidisse,
1045 1309 1200 1400 quamvis
1218 1333 1377 1377 numera-

299 1427 410 1494 vimus
430 1451 493 1520 pro
520 1427 694 1520 argenteis
707 1449 849 1511 aureos,
870 1425 1026 1516 quamvis
1039 1447 1109 1494 non
1126 1426 1377 1494 intervenerint

298 1545 446 1626 nummi,
472 1545 531 1613 sed
553 1535 791 1636 delegatione³
810 1557 845 1610 et
862 1541 977 1610 verbis
1001 1541 1153 1635 perfecta
1172 1543 1301 1611 solutio
1320 1545 1372 1610 sit.

298 1656 435 1726 Videris
449 1659 533 1726 mihi
547 1658 664 1727 dicere
678 1685 685 1723 :
702 1657 822 1726 Perdis
835 1679 986 1750 operam.
1001 1657 1176 1749 Quorsum
1189 1659 1285 1726 enim
1303 1682 1378 1750 per-

258 1790 274 1840 s
298 1775 385 1843 tinet
404 1777 491 1844 scire
509 1799 583 1860 me,
610 1799 655 1844 an
680 1789 814 1843 maneat
842 1772 936 1865 quod
961 1796 1032 1840 non
1054 1767 1377 1842 debetur⁴PJuris-

298 1883 552 1959 consultorum⁵
571 1891 643 1957 istae
661 1905 768 1956 acutae
792 1889 928 1984 ineptias
951 1906 1052 1971 sunt,
1074 1891 1136 1981 qui
1153 1889 1377 1958 hereditatem

299 2023 426 2100 negant
449 2008 591 2099 usucapi
618 2029 737 2098 posse,
758 2004 819 2073 sed
838 2029 878 2072 ea
897 2027 973 2095 quae
990 2005 1027 2072 in
1051 2003 1246 2073 hereditate
1269 2023 1348 2073 sunt
1367 2033 1374 2070 ε

299 2138 459 2214 tanquam
479 2121 666 2216 quidquam
685 2119 780 2190 aliud
801 2123 845 2188 sit
861 2117 1057 2206 hereditas,
1071 2144 1173 2213 qnam
1191 2145 1232 2190 ea
1251 2147 1329 2215 quae
1346 2124 1380 2188 in

297 2236 488 2306 hereditate
506 2254 585 2306 sunt
596 2233 622 2305 ⁶.
646 2237 736 2306 Illud
755 2238 841 2305 mihi
855 2239 969 2330 potius
983 2236 1183 2332 distingue,
1201 2239 1298 2330 qnod
1316 2265 1380 2332 po-

297 2369 363 2421 test
377 2353 420 2421 ad
435 2378 506 2422 rem
521 2356 714 2447 pertinere,
731 2377 835 2445 quum
850 2351 940 2420 idem
956 2351 1059 2420 homo
1073 2351 1286 2421 beneficium
1298 2355 1380 2422 mihi

333 2626 354 2658 ι.
368 2605 501 2659 Dedisti...
512 2640 519 2655 .
529 2605 681 2656 absolvitur.
690 2601 814 2652 Continet
862 2618 918 2652 arca
929 2599 1062 2664 solvimus,
1071 2601 1115 2653 sed
1126 2601 1380 2674 perattributionem‚

298 2681 480 2754 objectionem,
500 2682 607 2755 gratiam
620 2677 746 2732 beneficio
758 2698 812 2731 non
864 2680 1078 2752 assignationem,
1093 2681 1126 2734 ad
1138 2681 1217 2734 alium
1230 2683 1382 2735 remittimus

298 2761 403 2827 deberi,
425 2761 558 2814 accedente
581 2759 683 2831 iniuria.
705 2756 791 2809 Verba
804 2795 812 2818 ‚
862 2758 1047 2822 creditorem,a
1058 2779 1109 2830 qno
1116 2760 1254 2833 pamniam
1263 2761 1379 2834 accipiat,

299 2857 356 2910 quie
369 2841 396 2892 in
404 2839 499 2892 Mureti
506 2839 611 2909 aliisque
622 2835 683 2888 inde
694 2834 813 2907 expressis
861 2836 956 2889 siverit
966 2837 1133 2906 argentarius,
1142 2837 1195 2890 sire
1206 2837 1282 2890 alius.
1292 2839 1382 2890 effi-

299 2918 356 2971 edd.
369 2915 746 2984 antecedunt21nterbeneficia
754 2933 815 2983 quo·
865 2913 928 2966 nesti
943 2912 1016 2966 Ciar.
1030 2913 1083 2966 Cic.
1101 2914 1244 2968 Attribntio
1259 2928 1284 2967 et
1303 2914 1383 2966 Dele-

299 2989 817 3066 queetinjuriasmtiocoesertur,aPin-
865 3011 932 3063 gare.

299 3075 373 3128 riano
393 3095 406 3127 e
427 3095 480 3150 rap.
493 3073 658 3148 praecedentis
676 3072 691 3142 S
710 3073 742 3136 4,
765 3068 815 3123 hnc
898 3071 923 3136 4.
940 3070 1075 3142 Quorsum
1077 3107 1118 3124 .....
1127 3071 1243 3124 debetur.
1258 3072 1298 3124 Cf.
1310 3092 1383 3146 supra

300 3155 446 3227 transposita
455 3153 625 3208 sunt.Cs.Var.
632 3153 689 3206 ieet.
696 3151 729 3202 ad
739 3151 815 3202 istum
866 3170 921 3223 cap.
932 3149 949 3204 6
963 3146 1009 3201 fin.

301 3235 393 3290 iocum.
900 3229 924 3279 ⁵.
934 3227 1201 3292 Jurisronmltomm,
1220 3240 1268 3280 etc.
1282 3228 1383 3279 Distin-

315 3326 320 3337 '
335 3336 357 3367 s·
370 3316 505 3381 Reddere,
518 3327 565 3367 ete.
575 3313 636 3368 Noli
647 3325 735 3386 putare.
745 3353 752 3376 ‚
763 3312 815 3365 Se·
866 3318 948 3380 guunt
960 3305 1043 3376 itaque
1056 3343 1063 3370 ‚
1078 3319 1105 3358 ut
1119 3307 1218 3358 Seneca
1232 3306 1383 3360 beneficium

303 3413 390 3446 nesam
405 3392 446 3444 bic
463 3393 636 3466 etymologum
652 3411 734 3462 agere.
747 3393 814 3444 Nam
866 3383 1031 3450 distinxerat,
1050 3383 1117 3436 inter
1131 3383 1262 3437 actionem
1279 3396 1305 3436 et
1324 3404 1385 3434 rem.

303 3471 350 3523 etsi
356 3471 447 3524 Stoicis
455 3469 737 3544 etymologiaestudium
747 3468 817 3523 haud
865 3463 964 3514 Tamen
980 3460 1105 3513 hereditas
1116 3481 1181 3535 sepe
1191 3483 1298 3534 quoqne
1312 3461 1344 3514 de
1356 3461 1386 3513 iis

303 3550 415 3602 alienum
432 3561 494 3601 esset
509 3549 558 3614 (cf.
577 3549 680 3621 Menag,
692 3547 723 3599 ad
738 3547 817 3618 Diog,
866 3557 922 3608 quae
940 3537 968 3588 in
990 3536 1128 3590 hereditate
1148 3551 1228 3602 suni,
1247 3560 1292 3611 pro
1313 3539 1385 3591 rebus

305 3629 386 3680 laert.
401 3627 469 3690 Vll,
492 3627 547 3696 147.
560 3625 615 3678 Cic.
625 3627 658 3678 de
674 3627 727 3677 Osi.
740 3627 766 3688 1,
783 3643 796 3693 7
808 3662 816 3686 ,
866 3631 999 3692 usurpatur
1010 3659 1018 3687 ,
1030 3637 1088 3690 quoe
1098 3623 1211 3688 usucopr'
1222 3621 1239 3671 i.
1253 3641 1276 3673 e.
1290 3620 1385 3673 utendo

304 3707 343 3772 o),
351 3704 377 3757 h.
391 3704 408 3755 1.
418 3717 505 3757 tamen
516 3701 692 3758 definitionem
702 3702 754 3766 dat,
763 3721 817 3754 non
866 3696 988 3768 possideri
1002 3711 1116 3772 possunt.

305 3781 495 3856 etymologiam.
517 3781 603 3850 Quare
627 3779 762 3850 Menagius
790 3779 818 3830 in
900 3777 924 3827 6.
943 3775 1085 3846 Tanquam
1096 3777 1272 3844 quidquam...
1283 3775 1384 3828 heredi-

306 3862 455 3914 Amoenitat.
465 3861 526 3934 juris
537 3881 590 3934 cap.
602 3860 636 3932 39
643 3859 687 3911 ubi
699 3859 729 3911 de
739 3857 820 3909 luris·
868 3866 997 3908 totesrmt.
1006 3854 1072 3908 Falli
1079 3858 1200 3908 Nostrum
1211 3877 1260 3929 ego
1267 3875 1323 3908 non
1332 3875 1386 3906 reor

305 3961 374 3993 cons.
388 3953 415 3993 ut
432 3940 531 3993 Stoicos
540 3939 698 4010 sequentium
713 3949 817 4008 etymo·
867 3935 929 3987 dum
945 3935 1052 4008 ineptire
1069 3934 1270 3987 iurisconsultos
1290 3933 1326 3984 ait
1343 3933 1385 4002 qui

306 4021 380 4094 logiis
399 4021 451 4092 agit
468 4043 492 4094 p.
512 4020 561 4073 338
578 4040 615 4090 eq.
637 4019 669 4072 ed
686 4019 741 4070 srri.
757 4015 818 4068 anni
867 4013 933 4065 cirta
950 4013 1026 4066 tricas
1040 4023 1064 4064 et
1079 4031 1161 4084 nugas
1179 4012 1329 4084 gravisdme
1352 4017 1385 4061 ir·
1443 4018 1448 4025 “

310 4099 389 4165 1738,
402 4099 449 4152 sub
461 4119 484 4152 v.
495 4101 599 4152 reddere
614 4097 688 4169 hujus
700 4095 750 4148 loci
766 4116 817 4150 non
869 4099 1045 4158 πτολογοῦσινς
1056 4107 1079 4146 at
1089 4093 1129 4145 sni
1136 4092 1295 4145 obliviscitur
1302 4103 1325 4144 et
1333 4111 1384 4141 sno-

308 4178 431 4229 meminit.
870 4193 934 4226 rum.
948 4175 1015 4225 Nam
1026 4185 1050 4224 ct
1061 4171 1127 4224 haud
1139 4191 1230 4238 pamm
1246 4171 1382 4230 inritam:

341 4255 362 4304 3.
378 4257 634 4326 Delegationrquum
648 4254 763 4327 nonipsi
788 4254 819 4306 dr
871 4252 958 4314 stoici,
973 4265 994 4304 rt
1009 4253 1147 4324 ipsesupra
1162 4251 1272 4304 distinxit
1290 4270 1304 4301 a
1320 4249 1383 4298 dono
