2966 4948
241 647 308 767 s.
347 641 652 822 nunni
691 640 1061 767 sunnon

623 917 671 961 en

379 1105 608 1180 AEBUTIUM
632 1105 923 1184 LIBERALEM

184 1357 344 1525 DE
411 1353 1104 1526 BENEFICIIS

374 1707 378 1714 ·
423 1655 575 1774 ursan
595 1680 866 1776 secundus.

554 1967 740 1996 -Qtn—

108 2301 140 2368 Ι.
161 2261 643 2382 lnerrcitrrue,Liberalis,
654 2301 805 2368 virorum
823 2302 962 2392 optime,
975 2301 1012 2369 id
1023 2301 1115 2394 quod
1132 2327 1174 2372 ex

110 2417 227 2508 priore
243 2417 359 2509 parte¹
383 2411 496 2482 adhuc
522 2429 696 2507 superest,
718 2415 1013 2506 Quemadmodum
1028 2417 1177 2488 dandum

111 2531 157 2598 sit
171 2531 377 2599 beneficium
394 2555 401 2596 :
422 2529 520 2621 cujus
539 2530 589 2597 rei
606 2531 892 2622 expeditissimam
906 2537 919 2566 ²
934 2531 1054 2601 videor
1066 2560 1179 2605 mous-

111 2661 262 2716 trsturus
279 2647 380 2714 viam.
404 2645 460 2714 Sic
473 2644 611 2724 demus,
634 2643 802 2736 quomodo
819 2647 982 2716 vellemus
995 2651 1174 2743 accipere:

110 2779 191 2830 ante
206 2763 318 2830 omnia
336 2761 500 2842 libenter,
521 2763 608 2842 cito,
631 2761 704 2828 sine
722 2761 791 2828 ulla
809 2761 1031 2832 dubitatione.
1055 2767 1178 2857 iugra-

111 2890 183 2942 tum
200 2891 251 2944 est
264 2873 488 2966 beneficium,
510 2873 604 2964 quod
618 2871 677 2942 diu
696 2873 920 2954 intermunus
939 2875 1050 2946 dantis
1063 2879 1174 2961 haesit,

111 2989 205 3082 quod
226 2991 302 3082 quis
327 3013 418 3082 segre
448 2987 619 3056 dimittere
642 2989 735 3056 visus
760 3005 833 3072 est,
859 3005 894 3058 et
916 2993 986 3074 sic,
1017 3009 1177 3086 tanquam

109 3108 177 3176 sibi
201 3108 362 3200 eriperet.
383 3105 523 3172 Etiamsi
551 3103 636 3196 quid
656 3129 758 3173 morae
780 3108 985 3194 intervenit,
1013 3111 1177 3181 evitemus

109 3217 342 3301 omnimodo,
364 3240 408 3284 ne
427 3215 632 3286 deliberasse
650 3216 827 3286 videamur
840 3211 865 3287 ³.
897 3223 1073 3292 Proximus
1086 3241 1175 3295 esta
1200 3257 1216 3290 2

141 3457 163 3508 l.
183 3457 252 3508 Aee.
273 3453 359 3526 Pergit
377 3451 483 3518 decere,
500 3451 571 3523 qnod
591 3451 620 3504 in
669 3449 705 3520 §3
716 3470 793 3522 uque
807 3451 839 3504 ad
852 3451 933 3507 linem
948 3455 1007 3510 libri
1019 3459 1031 3512 l
1043 3461 1170 3531 pertinuit.

109 3533 185 3608 primi
196 3532 254 3585 libri
265 3528 317 3584 fine
329 3532 379 3604 jam
388 3531 517 3599 tractavit,
529 3551 620 3601 quern-
702 3548 725 3578 a.
738 3530 987 3600 Expeditissimum.
999 3537 1174 3606 Facillimum,

109 3609 248 3664 admodum
267 3607 391 3662 beneficia
410 3609 493 3679 danda
512 3609 577 3671 eint;
597 3620 621 3660 et
666 3624 743 3675 quam
759 3627 806 3660 uec
824 3611 904 3664 nostri
919 3611 1020 3667 Etbices
1040 3615 1173 3684 doctores,

110 3690 166 3743 dari
181 3690 251 3758 jubet
268 3688 376 3741 libenter
385 3681 397 3752 ,¹
409 3688 476 3750 cito,
496 3689 551 3742 eine
567 3689 620 3741 ulla
666 3685 783 3757 inprimis
799 3689 877 3742 Kane
891 3692 992 3763 ejusque
1015 3697 1174 3748 meelate-1

111 3766 287 3830 dubitatione,
309 3765 362 3817 imo
378 3780 513 3835 antequam
531 3766 620 3836 aliquis
666 3764 822 3836 pudiantmt
831 3772 968 3826 necessarie
978 3787 1172 3828 consentaneam

109 3842 618 3916 terogaverit.Quodlueiuspersequiturt
665 3841 791 3914 principio
805 3863 912 3901 morum.

110 3921 197 3974 dicens
213 3919 278 3972 nibil
298 3938 363 3992 saepe
379 3919 543 3990 injucundius
561 3923 618 3976 viro
699 3921 724 3972 3.
739 3921 874 3978 Essemus
887 3931 961 3980 omni
971 3931 1049 3982 modo
1060 3947 1092 3980 ne
1104 3931 1172 3982 deli-
1209 3921 1212 3926 ¹

109 3999 154 4070 qui
168 3997 253 4052 viriles
270 3997 468 4064 auimoebabet,
481 4019 556 4072 qnam
577 4019 618 4052 ro·
664 3999 767 4052 teresse
781 4003 926 4056 videamur.
946 4005 979 4057 ll.
996 4027 1017 4058 e.
1037 4005 1172 4060 videamur
1277 3997 1281 4006 ’

109 4095 178 4150 με.
664 4079 902 4150 nonpotuieeerem
919 4084 1171 4156 optatam-continuo
1267 4070 1302 4129 0

144 4173 166 4206 ι.
188 4153 240 4220 Eae
258 4156 346 4222 priore
366 4162 450 4222 perte.
471 4153 567 4228 Nempe
587 4175 616 4207 ex
664 4168 791 4226 prestare,
803 4157 909 4212 minime
925 4179 984 4212 vere
999 4160 1171 4229 noluisse,aut

107 4246 177 4304 parte
191 4233 364 4297 antecedente,
377 4250 435 4304 que
445 4251 461 4284 a
474 4233 554 4304 capite
567 4253 614 4302 ra,
665 4234 811 4306 ambiguam
825 4235 978 4290 voluntatem
990 4236 1114 4296 babuisse

247 4329 292 4397 11.
1001 4333 1047 4404 23
