2976 4950
285 485 354 574 tu
623 483 693 554 ns
716 483 1024 557 sosarmus

286 617 417 712 illigata
435 615 594 700 flexuris,
617 618 654 685 in
671 632 768 711 parte
785 617 895 711 prima
918 615 1041 684 aedium
1059 613 1225 682 collocant
1247 663 1256 695 ,
1284 613 1356 680 noti

247 768 262 800 η
286 719 394 828 magis
405 786 416 820 ‚
438 759 540 828 quam
560 734 697 803 nobiles
714 751 793 803 sunt
805 739 830 800 ¹.
849 735 944 804 Unus
959 733 1107 801 omnium
1119 755 1245 825 parens
1257 755 1360 799 mun-
1477 777 1478 792 ,

286 847 374 918 dns'
393 865 444 918 est
462 875 469 914 :
486 849 557 918 sive
570 873 633 942 per
647 843 865 942 splendidos,
886 848 957 915 sive
971 870 1034 940 per
1046 845 1200 915 sordidos
1213 844 1356 938 gradus,

287 963 332 1034 ad
347 964 441 1033 huno
456 966 567 1060 prima
577 963 742 1057 cujusque
757 965 854 1056 origo
868 961 1082 1056 perducitur.
1096 963 1172 1030 Non
1186 977 1251 1043 est,
1264 958 1359 1052 quod

287 1094 322 1146 te
339 1079 395 1146 isti
413 1077 604 1171 decipiant,
622 1079 683 1170 qui
700 1101 806 1171 quum
819 1077 963 1169 majores
975 1099 1053 1144 suos
1065 1089 1268 1158 recensent,
1283 1075 1361 1142 ubi-

289 1219 423 1288 cunque
434 1194 566 1263 illustre
576 1217 699 1262 nomen
715 1191 852 1275 defecit,
870 1193 929 1261 illo
942 1192 1044 1261 deum
1055 1192 1239 1261 infulciunt
1248 1187 1276 1260 ³.
1290 1195 1360 1260 Ne-

289 1311 416 1378 minem
429 1303 669 1403 despexeris⁴,
686 1309 817 1377 etiamsi
831 1309 923 1378 circa
935 1307 1032 1376 illum
1045 1307 1195 1376 obsoleta
1209 1324 1290 1376 sunt
1300 1331 1364 1375 no-
1397 1391 1399 1397 Κ

234 1488 241 1506 ,
289 1424 402 1508 mina,
419 1437 454 1490 ct
469 1447 589 1516 parum
601 1411 802 1518 indulgente
813 1420 930 1515 adjuta
943 1421 1078 1488 fortuna
1096 1441 1105 1485 τ
1121 1422 1192 1490 sive
1205 1415 1362 1489 libertini

289 1554 368 1606 ante
388 1560 448 1606 vos
465 1536 662 1618 habentur,
684 1538 757 1605 sive
779 1539 889 1619 servi,
909 1538 980 1605 sive
997 1551 1188 1604 exterarum
1207 1537 1362 1629 gentium

250 1663 266 1738 ,3
290 1653 459 1722 homines.
472 1654 602 1746 Erigite
617 1651 780 1723 audacter
792 1637 941 1736 animos,
962 1669 996 1720 et
1009 1649 1180 1744 quidquid
1197 1651 1233 1719 in
1250 1650 1364 1720 medio

291 1767 421 1838 sordidi
434 1767 550 1859 jacet,
568 1769 736 1837 transilite
758 1782 953 1860 :exspectat
966 1789 1025 1834 vos
1039 1766 1074 1844 in
1087 1788 1218 1833 summo
1238 1789 1364 1858 magna

292 1883 465 1952 nobilitas.
487 1881 583 1975 Quid
600 1884 762 1977 superbia
776 1885 812 1952 in
825 1898 952 1952 tantam
966 1883 1149 1950 vanitatem
1162 1880 1363 1966 attollimur,

291 2013 330 2065 ut
347 1995 513 2065 beneficia
527 2019 548 2064 a
565 1999 671 2066 servis
684 1995 904 2089 indignemur
919 1997 1088 2089 accipere,
1105 2010 1140 2062 et
1151 1985 1292 2064 sortem⁵
1304 2015 1364 2061 eo-

293 2134 370 2178 rum
382 2125 574 2203 spectemus
585 2160 596 2194 ,
611 2111 708 2180 obliti
719 2112 918 2179 meritorum
930 2110 946 2177 Ρ
958 2109 1100 2177 Servum
1110 2123 1148 2176 tu
1159 2131 1365 2202 quemquam

295 2323 385 2378 dorum
394 2343 448 2377 mos
458 2325 519 2377 inde
531 2325 658 2378 derivetur
669 2337 712 2378 est.
723 2325 803 2378 Funi-
839 2325 920 2396 jecit,
937 2327 984 2378 illo
992 2325 1070 2378 deum
1081 2325 1227 2393 infisIcr'urrt.
1244 2323 1310 2378 Nu.
1318 2325 1366 2378 illo

295 2401 347 2456 culi
354 2402 446 2454 florum
452 2403 523 2455 sertis
532 2403 615 2456 orasti
630 2403 804 2473 (indeeeippw
851 2402 1059 2472 deuersulgr'urst·
1071 2403 1109 2456 Ex
1119 2423 1169 2475 quo
1179 2403 1312 2456 verissime
1321 2424 1368 2456 ex·

295 2482 487 2552 ee)eonjuuxere
496 2483 619 2554 imagines
629 2496 805 2556 cognatorum.
851 2482 914 2535 stitit
931 2481 1050 2535 salmasii
1066 2481 1191 2535 divinatio
1203 2499 1211 2534 t
1222 2483 1271 2534 isto
1288 2484 1367 2534 deum

332 2577 353 2610 1.
371 2558 428 2631 Qui
438 2563 566 2630 imagines
567 2595 616 2612 ......
627 2559 724 2614 nobiles
735 2572 804 2614 sunt.
852 2559 1070 2628 infirleiurrt.lleni
1079 2558 1189 2613 eliorum
1197 2557 1369 2613 comemse·

297 2636 374 2690 Conl'.
389 2637 422 2690 ad
437 2636 542 2708 Epistol.
555 2651 637 2703 mv,
658 2639 682 2704 4.
701 2636 805 2690 Erudite
853 2635 909 2709 pius
918 2633 968 2687 boc
978 2635 1085 2690 verbum
1094 2655 1135 2708 sp.
1148 2649 1265 2690 nostrum
1275 2656 1369 2691 oecur-

296 2714 526 2788 Sebvreigbteuseri
542 2713 579 2768 ibi
599 2727 763 2768 memoratam
782 2728 807 2768 et
853 2713 895 2767 rit.
907 2713 1062 2768 Gronovius.
1074 2714 1201 2768 Caterum
1213 2714 1242 2768 in
1251 2714 1319 2768 olim
1328 2733 1370 2767 eu·

296 2791 426 2864 probatam
435 2792 586 2845 sententiam
597 2791 700 2844 uberius
711 2805 806 2846 tracta-
855 2793 889 2846 sis
899 2793 936 2845 sic
946 2791 1001 2847 brec
1014 2791 1221 2866 concipiebatur
1234 2810 1243 2846 ε
1254 2794 1371 2845 utinm-

296 2868 334 2920 sit
346 2868 506 2924 Eiebstsdius
518 2868 648 2921 dissertata
661 2870 686 2922 ll
698 2868 730 2921 de
742 2870 809 2922 ims-
856 2869 978 2940 quesccit
989 2891 1082 2924 norrrerr
1094 2871 1205 2939 illustre,
1214 2874 1262 2925 tuo
1270 2873 1374 2923 domiti

297 2947 518 3020 ginibusromenis
529 2948 730 3022 ed.llPetropoli
738 2950 808 3003 1806.
846 2949 968 3023 fugiunt.
980 2949 1030 3003 Sed
1045 2951 1163 3005 Erssnm
1182 2949 1331 3005 inveniebst
1342 2951 1371 3002 in

297 3027 322 3092 4.
333 3026 415 3078 Fuere
438 3039 522 3078 eutem
545 3026 684 3097 imagines,
703 3039 731 3082 ut
745 3028 810 3080 bre·-
857 3025 913 3080 eliis
924 3026 997 3079 codd.
1005 3031 1053 3081 illo
1062 3029 1140 3082 deum
1142 3025 1268 3100 Jugiurrt,
1279 3029 1307 3081 in
1315 3027 1371 3081 eliis

299 3103 363 3155 riter
379 3115 505 3176 repetam,
524 3102 622 3176 effigies
637 3125 714 3159 eereae
729 3105 809 3178 meio·
858 3105 996 3157 dominum
1004 3107 1122 3176 fingunt.
1140 3105 1239 3160 lluetus
1260 3107 1289 3159 in
1306 3115 1372 3158 nott.

299 3201 357 3234 rum
369 3181 396 3233 in
409 3181 478 3234 atriis
495 3182 614 3236 custodiri
628 3182 722 3246 solitae,
736 3195 810 3256 atque
858 3201 917 3234 mss.
930 3183 1013 3237 voluit
1029 3203 1036 3237 :
1051 3187 1120 3239 illico
1131 3185 1210 3238 deum
1219 3187 1372 3256 infulciunt,

299 3261 327 3312 in
340 3261 439 3332 pompis
451 3260 598 3314 funebribus
610 3261 811 3314 lunereincnr-
859 3258 962 3313 laudato
973 3261 1272 3316 belmesio-Nosses!
1271 3300 1314 3315 .....
1326 3267 1373 3314 ἰη-

300 3338 369 3391 ribus
378 3339 514 3406 comitstae,
525 3359 587 3411 ques
598 3340 735 3394 servitano
747 3361 811 3412 por-
853 3337 976 3410 fulciunt.
993 3339 1094 3392 Doceat
1106 3339 1156 3394 boe
1167 3338 1254 3392 multe
1266 3337 1373 3392 fmilia

300 3415 424 3470 muntiis
434 3416 565 3481 indutr,ut
576 3407 812 3491 majoreslllosiriri-
861 3428 886 3468 et
899 3417 1046 3470 Grtecornm
1065 3429 1088 3470 et
1104 3418 1297 3482 Romanorum,
1316 3436 1339 3468 e.
1351 3435 1374 3468 e.

302 3487 808 3568 tutentur-Loei'classicisuntPolybvl,
859 3493 1373 3570 gensiulissteneremoriginemsusm

302 3572 335 3626 53
345 3583 398 3624 not.
408 3571 529 3644 Scbwgb.
539 3573 586 3625 To.
596 3573 643 3638 vl,
652 3593 677 3646 p.
685 3573 744 3642 3943
754 3569 811 3624 coll.
859 3573 985 3636 referens,
993 3573 1046 3625 vid.
1057 3573 1113 3626 [ἰν.
1123 3573 1151 3642 l,
1163 3574 1179 3640 4
1192 3587 1238 3627 etc.

303 3653 590 3725 SuetomVespas.c.19;
599 3650 812 3705 Diodor.8ic.'l'o.
895 3653 919 3716 4.
931 3651 1069 3705 Neminem
1081 3653 1243 3720 despexeris,
1251 3650 1376 3706 eteSinri·

303 3733 383 3805 Il,p.
397 3733 453 3786 518·
860 3728 895 3781 lie
911 3727 988 3782 babes
998 3729 1066 3802 apud
1075 3743 1190 3784 nostrum
1201 3731 1249 3803 Ep.
1259 3745 1337 3796 mv,
1350 3729 1375 3782 3.

337 3831 361 3864 a·
377 3811 506 3865 Mundus.
526 3810 547 3861 l.
568 3829 589 3862 o.
610 3809 708 3862 cmlum.
729 3809 812 3874 Nem,
861 3807 906 3860 ubi
926 3809 1003 3861 docui
1025 3809 1090 3862 banc
1110 3810 1260 3863 sententiam
1280 3809 1376 3883 cepisse

305 3889 383 3940 stoice
393 3883 536 3952 sententie,
552 3905 583 3938 ex
597 3886 643 3939 illo
659 3887 751 3942 anime
764 3899 788 3939 et
800 3906 814 3938 e
863 3897 977 3937 nostrum
989 3907 1005 3938 s
1018 3885 1117 3939 l’leton.
1128 3887 1250 3940 Tbeaetet.
1260 3885 1322 3940 Vol.
1331 3886 1376 3953 ll,

306 3965 439 4019 sideribus.
467 3965 557 4018 Senee.
575 3964 653 4037 Epist.
671 3980 751 4032 mv,
785 3981 815 4018 r:
864 3983 888 4037 p.
904 3965 950 4016 118
960 3982 996 4034 sq.
1009 3964 1049 4016 ed.
1060 3963 1112 4037 bip.

309 4046 429 4097 «Omnes
439 4043 462 4095 'si
473 4043 504 4095 ed
517 4043 624 4117 primam
635 4041 761 4116 originem
771 4063 815 4098 rs-
901 4043 924 4094 ⁵.
935 4039 1099 4096 Sortem.......
1110 4049 1185 4112 spect.
1195 4041 1284 4095 Vilem
1297 4052 1322 4094 et
1330 4041 1377 4094 ab·

308 4133 461 4186 recentum
472 4120 519 4172 diis
528 4117 667 4172 suntrubi
677 4119 729 4174 vid.
739 4135 817 4175 noret
865 4123 956 4196 jectam
973 4141 1104 4175 serrorum
1121 4121 1297 4176 conditionem
1316 4135 1379 4174 ten·

310 4201 342 4251 ei.
352 4210 404 4250 not.
866 4199 998 4254 tummodo
1012 4199 1170 4252 attendamus
1186 4237 1194 4266 ,
1214 4198 1289 4253 obliti
1305 4199 1380 4252 kne-

273 4265 278 4276 ’
343 4275 366 4327 3.
381 4275 532 4344 Ubicunque
548 4279 650 4329 illustre
660 4295 751 4330 uomere
768 4277 817 4328 de·
867 4277 983 4332 liciorum
998 4278 1092 4350 quein
1104 4297 1150 4331 nos
1161 4277 1332 4332 contulerunt.
