2976 4950
410 451 509 521 nm.
537 413 759 540 uncto.
786 404 872 522 riv.
1113 459 1179 550 427

106 599 233 678 sponte
247 586 284 652 in
296 585 361 653 ista
375 583 497 652 fertur.
515 585 690 676 Quantum
706 609 885 678 possumus
903 587 1122 670 resistamus,
1145 605 1181 658 et

105 699 272 790 querenti
289 699 482 768 occasiones
498 716 722 792 amputemus.

154 817 237 883 XV.
255 816 390 886 Utinam
408 814 547 906 quidem
566 814 773 911 persuadere
793 839 989 908 possemus,
1017 831 1055 884 ut
1071 839 1179 908 pecu·

105 931 183 1000 nias
209 929 357 1000 creditas
384 947 514 1000 tautum
539 957 559 1000 n
585 933 778 1002 volentibus
804 927 1020 1028 acciperent!
1050 931 1179 1000 utinum

105 1045 203 1116 nulla
213 1047 403 1140 stipsdutio¹
415 1065 602 1142 emptorem
614 1049 786 1120 venditori
801 1045 988 1142 obligaret!
1003 1071 1069 1116 nec
1081 1061 1179 1139 pacta

105 1177 343 1254 conventoque
363 1162 536 1256 impressis
558 1167 664 1259 signis
677 1159 950 1234 cssatodireuturl
969 1162 1053 1232 fides
1066 1164 1179 1255 potius

104 1275 164 1344 illa
181 1293 357 1361 servaret,
378 1293 413 1346 et
431 1303 566 1371 aequum
584 1281 699 1350 colens
715 1275 870 1350 animus!
895 1276 964 1348 Sed
987 1278 1179 1346 necessaria

104 1393 246 1483 optimis
259 1395 505 1486 pranderunt,
523 1413 558 1466 ct
573 1421 697 1492 cogere
722 1396 848 1478 fidem,
872 1418 972 1487 quam
993 1406 1147 1486 spectare
1164 1441 1174 1476 s

104 1507 251 1575 malunt.
271 1507 490 1580 Adhibentur
502 1512 546 1580 ab
559 1528 810 1607 utmqueparte
826 1526 949 1594 testes,
971 1509 1043 1578 ille²
1054 1531 1117 1602 per
1129 1525 1176 1576 ta·

104 1619 204 1692 bulas
221 1622 373 1716 plurium
389 1627 550 1710 nomina,
570 1627 781 1720 interpositis
799 1625 968 1720 parariis,
992 1624 1073 1692 facit
1095 1623 1178 1692 :illc
1263 1715 1267 1742 ι

102 1761 173 1806 non
188 1754 241 1806 est
255 1737 543 1835 iuterrogationc³
558 1758 760 1825 contentus,
783 1742 849 1812 nisi
867 1733 985 1808 reum⁴
1001 1763 1103 1808 manu
1116 1763 1178 1810 sua

103 1856 214 1923 tenuit
228 1847 255 1921 ⁵.
282 1856 315 1926 0
332 1872 465 1952 turpem
480 1860 629 1932 humano
656 1862 775 1954 generi
800 1857 930 1928 fraudis
952 1882 994 1926 ac
1013 1860 1176 1950 nequitiae.

100 1971 248 2064 publice
261 1973 525 2047 consessionem!
549 1973 710 2046 annulis⁶
726 1979 850 2046 uostris
868 1976 966 2070 plus,
983 2000 1086 2067 quam
1102 1978 1177 2045 ani-

100 2087 166 2156 mis
180 2087 344 2158 creditur.
361 2091 402 2160 Iu
417 2091 523 2182 quid⁷
539 2095 596 2162 isti
606 2095 672 2162 riri
686 2087 820 2162 ornati⁸
834 2091 982 2162 adhibiti
998 2096 1099 2160 sunt⁹
1112 2093 1127 2160 p
1139 2094 1176 2162 itt

101 2202 189 2292 quid
201 2205 403 2298 imprimunt
416 2208 539 2301 signa?
551 2233 675 2302 nempe
690 2233 735 2278 ne
756 2209 816 2276 ille
836 2224 940 2302 neget
955 2210 1126 2301 accepisse
1140 2231 1176 2276 sc
1259 2257 1277 2264 -

135 2422 192 2476 XV.
213 2424 284 2476 Anu.
310 2425 342 2478 lu
363 2426 458 2478 infidos
478 2427 611 2482 bominum
662 2439 684 2482 et
698 2446 774 2500 aquo
791 2427 835 2480 ille
852 2438 941 2484 mutuo
955 2439 1081 2492 sumeret,
1100 2426 1172 2480 etita

99 2521 184 2552 mores
200 2500 338 2562 invehitur,
351 2503 441 2571 quibus
453 2504 566 2574 judicum
576 2505 612 2556 ti-
661 2503 692 2554 de
705 2517 812 2572 utroque
827 2502 892 2555 bene
910 2501 1078 2554 merebantur.
1097 2503 1173 2555 Cous.

99 2597 158 2630 rnor
171 2598 246 2630 eausa
269 2580 344 2632 unies
366 2593 403 2633 est
420 2601 466 2633 cur
485 2581 611 2636 debitores
660 2579 693 2632 sd
705 2580 761 2633 libr.
772 2581 808 2645 ll,
816 2599 869 2654 cap.
881 2577 1032 2649 23,§2,et
1040 2579 1109 2632 illius
1121 2579 1171 2632 loci

97 2659 225 2712 creditum
233 2659 612 2732 solsauuoptatqusverbisso-
661 2672 756 2712 notam.

97 2737 130 2788 lis
142 2735 301 2811 posseisdem
313 2737 444 2800 adbiberi,
461 2738 521 2790 citra
532 2739 612 2811 stipu-
694 2738 717 2801 4.
726 2737 819 2790 Reum.
837 2735 934 2789 Huetus
940 2735 1063 2789 Salmasio
1074 2747 1096 2787 et
1104 2735 1172 2788 Gro-

96 2817 233 2873 lationem:
243 2829 268 2870 et
276 2817 304 2870 id
314 2817 487 2892 turpissimum
495 2817 530 2870 ait
539 2819 610 2890 quod
660 2814 739 2869 novio
750 2813 904 2889 adstipulans
913 2814 947 2865 ait
957 2831 963 2864 τ
973 2813 999 2864 b.
1007 2833 1028 2864 e.
1036 2812 1086 2864 uisi
1099 2832 1171 2865 reum

100 2895 187 2946 miuus
198 2894 252 2946 viro
262 2893 355 2961 nobili,
367 2895 453 2968 gravi,
467 2896 537 2958 seni,
548 2895 611 2948 divi·
661 2893 828 2966 chirographo
848 2913 895 2946 suo
917 2892 1055 2965 obligatum
1073 2889 1170 2944 babuit.

97 2975 117 3026 ti
126 3015 133 3033 ,
143 2987 168 3027 et
176 2975 282 3027 summis
290 2973 429 3027 bonoribus
437 2976 523 3027 functo
532 2973 611 3028 fideu·
658 2971 802 3024 -Verbali
815 2972 899 3043 itaque
911 2981 1039 3023 contractu
1052 2969 1096 3022 ille
1111 2989 1171 3021 cre-

97 3053 162 3106 dum
173 3055 206 3105 sit
220 3072 296 3122 quam
309 3051 378 3104 illius
389 3053 493 3104 annsslo.
659 3050 727 3103 ditor
735 3061 929 3102 noncontentus
938 3061 990 3100 erat
1002 3089 1009 3116 ‚
1022 3048 1072 3100 nisi
1084 3059 1108 3099 et
1117 3047 1170 3100 cbi-

134 3154 154 3184 r.
164 3131 316 3201 Sttpntatto.
331 3133 396 3202 Quae
408 3145 432 3186 et
442 3133 494 3206 ipsa
501 3153 609 3206 concep·
659 3129 829 3202 ecgraphum,
840 3148 890 3199 quo
903 3127 1031 3201 stipulatio
1040 3146 1123 3182 carere
1133 3146 1171 3178 so·

95 3211 129 3264 tis
138 3211 223 3264 serbis
230 3211 293 3264 olim
300 3212 327 3264 in
334 3211 503 3284 emptionibus
514 3209 613 3264 adbibi·
659 3211 727 3264 lebat
738 3248 746 3272 ,
756 3209 895 3263 accessisset
906 3229 921 3260 a
932 3208 1053 3261 debitore.

97 3301 124 3338 ts
136 3301 182 3340 est.
192 3288 278 3341 Plauti
288 3289 420 3344 comaediae
434 3289 534 3342 docent.
544 3287 610 3342 Con·
693 3291 715 3342 5.
724 3289 810 3340 Reum
816 3305 956 3338 manassae
963 3290 1051 3340 tenuit.
1059 3285 1104 3340 ste
1111 3305 1170 3338 mss.

22 3429 28 3438 .
99 3365 383 3420 tractusverbalesnunc
391 3365 612 3440 appellaresolent:
659 3386 713 3418 non
725 3385 787 3417 rem.
800 3365 893 3416 Sensus
906 3379 912 3415 :
923 3363 974 3415 nisi
985 3383 1056 3415 reum
1067 3366 1171 3440 promit-

97 3439 334 3514 adstipulationem
349 3456 373 3496 et
390 3457 482 3518 praetor
496 3456 521 3496 et
535 3443 610 3514 judex
659 3441 730 3495 tendi
747 3441 915 3516 chirographo
930 3461 975 3493 suo
996 3443 1082 3495 tenuit.
1103 3443 1169 3512 Quas

99 3519 230 3572 interdum
251 3521 388 3593 cogebant,
414 3535 475 3574 tunc
496 3521 611 3574 lormulae
659 3521 788 3586 verissima
802 3518 974 3591 interpretatio
995 3532 1030 3570 est
1050 3518 1168 3572 Salmasii

96 3597 124 3648 in
134 3597 217 3650 edicto
225 3612 295 3651 erant
303 3600 461 3672 praescriptas,
470 3618 527 3672 quta
536 3599 611 3651 tacite
660 3597 690 3651 C.
705 3601 729 3652 X
741 3597 772 3650 de
783 3597 861 3650 modo
870 3615 937 3650 usur.
949 3596 1034 3668 judice
1045 3595 1128 3648 Gron.

96 3675 610 3750 monebant,obligationemindeoritu-
691 3675 714 3730 6.
735 3679 859 3728 Aemilia.
881 3673 981 3743 Quibus
1002 3673 1169 3746 chirographa

97 3773 149 3805 ram
163 3773 229 3814 esse,
247 3753 325 3826 siquis
338 3755 457 3828 migraret
468 3754 610 3828 stipulatio·
657 3754 833 3828 signabantur.

97 3851 164 3885 nem.
176 3831 216 3884 Cf.
227 3831 305 3908 Hugo
317 3833 334 3886 l.
343 3835 354 3885 1
364 3871 371 3899 ,
383 3855 407 3908 p.
418 3835 467 3889 253
478 3855 514 3906 sq.
691 3855 714 3900 7.
724 3835 759 3886 In
767 3833 839 3903 quid.
847 3830 909 3883 H.e.
923 3849 997 3902 quam
1006 3829 1039 3881 ob
1047 3827 1168 3882 causam?

129 3929 151 3960 α.
166 3911 228 3964 111e.
239 3910 362 3965 Creditur.
658 3911 719 3984 quid
731 3911 858 3973 volentes,
876 3923 1016 3985 sperantes,
1031 3905 1167 3961 caventes?

128 3987 152 4038 3.
169 3990 377 4056 Intermgatione.
399 3991 420 4044 l.
437 3989 606 4063 stipulatione.
688 3993 712 4044 8.
723 3991 940 4051 ornastnivites,
950 3990 1087 4062 praesertim
1097 3990 1166 4059 equi·

95 4063 193 4116 binetus
204 4066 315 4138 margini
326 4065 490 4142 adscripscrat
504 4089 510 4119 ε
525 4069 608 4120 luter·
656 4082 699 4122 tes.
712 4069 751 4122 Cf.
768 4071 799 4122 ad
815 4088 857 4133 ια,
877 4089 897 4122 s.
911 4069 999 4122 Ruth.
1013 4066 1084 4136 Quid
1097 4087 1165 4134 non,

94 4143 181 4214 positis
192 4144 311 4216 paradis,
323 4145 367 4215 qui
377 4146 526 4218 quaerebant
539 4159 564 4198 et
580 4146 607 4198 in
656 4147 796 4201 bonoribus
807 4147 907 4200 ornati?

94 4235 145 4290 quo
158 4219 202 4272 ille
214 4241 332 4276 nummos
347 4223 442 4277 utiliter
454 4225 606 4292 collocaret,
690 4246 713 4297 p.
725 4226 822 4278 Adtth.
830 4227 965 4297 Tanquam
978 4237 1049 4277 testes
1062 4223 1152 4277 vocati.

1204 1551 1219 1583 2
