2954 4926
387 462 488 530 nte.
515 462 595 547 vt,
621 463 730 531 etr.
756 462 859 532 xvr.
1104 467 1170 533 603

94 607 258 683 tanquam
274 593 418 662 amicum
436 590 539 674 vidit,
559 589 619 659 sed
641 605 801 682 tanquam
829 593 1098 685 imperatorem.
1122 595 1172 660 Ne

96 724 342 803 preceptorem
361 707 499 802 quidem
513 709 624 778 habeo
643 731 706 776 our
722 731 882 792 venerer,
903 711 931 776 ai
951 733 1005 778 me
1017 710 1054 777 in
1068 733 1173 803 grege
1191 705 1197 720 '

97 824 344 918 discipulorum
369 823 508 908 habuit,
537 825 565 892 si
585 847 655 892 non
672 825 804 917 putarit
817 823 964 920 dignum
980 827 1122 918 propria
1139 842 1175 895 et

96 940 264 1034 peculiari
286 963 388 1024 eura,
418 942 447 1010 si
472 965 648 1033 nunquam
670 941 707 1008 in
725 965 780 1010 me
797 940 923 1011 direxit
941 942 1093 1010 animum
1110 969 1119 1010 ι
1139 959 1175 1011 et

95 1083 204 1150 quum
229 1060 266 1126 in
288 1057 438 1128 medium
461 1058 656 1128 effunderet
681 1083 756 1151 quae
774 1060 928 1142 sciebat,
951 1083 1021 1128 non
1042 1059 1169 1145 didici,

95 1176 159 1244 sed
177 1178 307 1269 excepi.
327 1175 424 1269 Quid
442 1200 526 1270 ergo
544 1192 597 1246 est
613 1226 624 1261 ,
651 1199 757 1268 quare
776 1173 854 1246 istis
874 1177 1058 1248 debeamus
1081 1178 1175 1248 mul·
1199 1190 1216 1242 t

97 1294 197 1361 tum?
219 1316 288 1362 non
307 1294 389 1385 quia
407 1292 517 1386 pluris
539 1311 591 1362 est
608 1279 704 1386 quod
716 1291 949 1362 vendiderunt
966 1319 1068 1387 quam
1088 1297 1174 1364 emi-

96 1433 191 1493 mus,
205 1410 265 1478 aed
275 1412 358 1503 quia
367 1412 467 1480 nobis
479 1411 564 1505 ipsis
571 1410 703 1502 aliquid
712 1411 978 1504 praestitemnt'.
995 1413 1175 1508 Illemegia

95 1521 283 1620 pependit⁵
305 1551 407 1619 quem
431 1528 566 1597 medioo
585 1551 724 1596 necesse
742 1544 794 1597 eat
818 1554 826 1595 ι
848 1553 911 1622 pro
927 1553 1004 1611 me,
1026 1553 1095 1600 non
1110 1555 1174 1623 pro

96 1642 187 1710 fama
211 1644 316 1728 ertia,
338 1645 492 1712 extimuit
510 1670 517 1709 :
538 1667 609 1712 non
627 1643 694 1712 suit
710 1660 890 1716 contentus
908 1646 1060 1715 remedia
1078 1671 1175 1716 mon-

95 1774 220 1843 strare,
236 1759 296 1828 sed
308 1755 495 1833 ndmovitl.
510 1763 605 1828 Inter
622 1760 785 1830 sollicitos
796 1763 936 1846 assedit,
956 1762 1002 1832 ad
1019 1780 1175 1859 suspeotn

94 1995 147 2046 que
159 1977 250 2028 artium
257 1990 409 2052 preceptore
417 2018 425 2044 ‚
434 1995 543 2048 quorum
553 1996 611 2048 ope·
661 1976 736 2032 babet
744 1977 983 2034 similiasalmasius
994 1981 1024 2034 ad
1034 1979 1134 2053 Seriptt.
1140 1981 1173 2034 ll

95 2073 152 2104 ram
174 2073 258 2123 neque
278 2055 401 2109 estimare
424 2054 482 2106 satis
509 2053 609 2126 digner
661 2054 912 2130 A.To.l,p.'3oltac
923 2056 1001 2128 Lipaii
1010 2055 1174 2132 explicatione

95 2149 181 2201 neque
193 2131 272 2184 multa
287 2132 396 2204 pecunia
414 2131 546 2203 adequare
558 2129 611 2185 ali-
659 2129 750 2200 rejects
756 2144 780 2183 et
789 2131 860 2184 nulls
869 2133 994 2188 dissensus
1005 2153 1078 2186 cansa
1088 2131 1173 2199 allata,

95 2207 155 2278 quis
169 2210 276 2280 poterit,
293 2211 315 2262 si
327 2210 414 2262 animo
426 2209 548 2262 siluerint
565 2207 611 2260 di·
660 2208 763 2280 exponit
775 2227 781 2262 :
793 2208 923 2262 medicum
936 2231 950 2264 a
962 2222 1051 2263 nostro
1068 2229 1176 2284 eompa-

95 2287 201 2359 seipulis
219 2289 270 2340 suis
288 2301 331 2342 aut
342 2287 494 2354 clientibus,
513 2287 533 2340 si
557 2307 610 2342 uon
658 2283 709 2344 teri
722 2284 762 2336 illi
774 2284 920 2354 salutaturi,
933 2285 978 2357 qui
990 2287 1115 2341 matutino
1132 2287 1174 2339 ol-

95 2377 210 2432 temere,
228 2367 344 2433 remisse,
365 2366 460 2440 frigide
476 2387 507 2419 ae
522 2363 611 2439 negli-
658 2359 1173 2436 ficioiungaturiuimperatoremetalios

95 2457 186 2514 genter
201 2465 253 2498 sese
266 2457 405 2517 gesserunt,
418 2444 440 2497 si
452 2443 608 2498 benevolen-
659 2438 801 2512 principes,
814 2439 905 2511 quibus
921 2441 1000 2494 cliens
1014 2442 1053 2494 sit.
1065 2443 1117 2496 Sed
1128 2444 1174 2496 ti-

95 2523 159 2573 tiam
170 2523 216 2575 tibi
229 2523 401 2586 ostenderunt,
409 2543 484 2594 quern
494 2541 547 2575 non
557 2520 611 2575 cni·
660 2516 713 2590 psio
720 2517 856 2588 quominus
865 2519 1038 2583 assentiamus,
1049 2520 1115 2573 nibil
1123 2521 1172 2573 irn-

95 2597 160 2650 libet
171 2621 184 2652 e
195 2601 289 2675 populo
300 2601 383 2653 statim
394 2598 521 2653 exhibent.
659 2595 736 2668 pedit.
756 2597 850 2648 Sensus
868 2609 904 2649 est
921 2615 928 2649 t
945 2597 973 2650 Si
992 2619 1034 2650 me
1050 2610 1172 2671 tanquam

133 2697 155 2730 t.
176 2677 232 2738 Sed
258 2691 387 2750 tanquam
419 2683 610 2747 s'rrrperutorem.
659 2672 770 2725 amicum
788 2693 862 2726 suurn
874 2673 982 2740 viderit,
1000 2674 1048 2748 ipsi
1065 2676 1173 2750 amplius

95 2757 225 2810 Omnium
238 2770 262 2810 et
275 2777 362 2810 eorum
375 2757 528 2832 optimorum
536 2753 610 2808 codd.
659 2749 751 2816 debeo,
764 2769 841 2821 qoem
855 2749 1037 2814 mercedulam,
1050 2757 1171 2822 οὕστρον,

94 2855 156 2888 mss.
168 2847 194 2887 et
202 2835 260 2890 edd.
268 2836 343 2888 lectio
356 2845 408 2896 est,
421 2851 477 2906 quae
489 2851 543 2886 non
553 2851 611 2884 rnu-
659 2845 736 2897 quam
753 2847 767 2880 a
787 2847 828 2880 me
845 2827 967 2901 accipiet;
984 2840 1009 2879 at
1026 2828 1091 2882 nibil
1112 2849 1174 2883 xro-

94 2913 146 2965 tari
164 2913 246 2966 debet.
260 2912 354 2966 Multas
367 2927 453 2966 tamen
470 2909 610 2964 multorum
659 2905 741 2980 plius,
754 2907 776 2959 si
787 2927 829 2960 rne
839 2906 943 2961 nonnisi
956 2918 1076 2977 tanquam
1088 2907 1172 2962 dorni·
1228 2917 1232 2933 ⁸

94 2991 147 3042 vir.
160 2990 235 3058 doctt.
245 2991 453 3055 emendationes,
465 3009 528 3059 quse
543 2987 611 3064 apud
660 3007 722 3040 num
735 3009 809 3044 suunt
821 2988 972 3042 consideret.

95 3067 236 3124 Gruterum
249 3067 280 3120 ad
294 3067 321 3122 b.
334 3069 352 3121 l.
367 3081 391 3122 et
401 3069 469 3121 Dan.
485 3067 571 3122 Vinel
582 3065 610 3118 in
693 3087 716 3118 a.
734 3065 791 3119 Sed
809 3069 873 3140 quia
893 3065 969 3120 nobis
987 3071 1054 3136 r'psr's
1068 3069 1175 3138 aliquid

94 3141 610 3219 Amteuitpbilnuedie.p.442,eollectu
656 3149 863 3212 praestiterunt:
883 3157 973 3219 preter
994 3145 1078 3205 illud,
1103 3144 1173 3216 quod

93 3223 185 3275 videre
201 3223 273 3282 lieet,
295 3221 435 3294 quibusque
454 3221 530 3274 addas
549 3222 610 3275 duas
659 3221 778 3274 omnibns
792 3242 928 3278 commune
945 3224 1038 3275 laetum
1056 3233 1106 3290 est,
1125 3241 1174 3275 nos

94 3302 253 3371 conjecturas
264 3299 366 3352 Trilleri
385 3299 414 3352 iu
430 3298 518 3371 Ejusd.
536 3297 609 3352 Obss.
659 3301 779 3372 peculiari
790 3319 849 3354 eure
860 3320 906 3361 sna
914 3301 1006 3374 dignos
1014 3299 1173 3374 babuerunt,v

94 3381 157 3434 erit.
166 3380 196 3444 l,
209 3383 224 3447 4
237 3402 262 3455 p.
274 3401 297 3448 7.
309 3399 346 3452 sq.
358 3379 475 3454 prolatas,
488 3393 609 3433 annotare
660 3390 684 3429 et
702 3377 776 3431 nobis
792 3378 883 3431 dedere
896 3393 986 3453 preter
1001 3379 1027 3432 id
1040 3418 1047 3442 ,
1061 3378 1172 3450 quodsi)

93 3457 265 3530 supersedeo,
284 3459 359 3512 unice
379 3470 512 3510 contentus
531 3457 611 3531 Lipsii
660 3457 719 3532 ipsis
733 3457 886 3532 poscebatur.

94 3535 330 3610 interpretationem
342 3535 503 3610 subjungere,
512 3555 562 3607 qua
573 3536 611 3588 lo·
694 3535 717 3586 3.
728 3535 783 3589 Ille
792 3539 879 3608 magis
888 3539 1017 3605 pependit.
1030 3535 1074 3593 sie
1084 3557 1174 3600 omnes

94 3635 140 3672 eus
148 3614 257 3688 indiget,
265 3613 612 3682 atnullarnemepdationern.
661 3613 751 3680 codd,
766 3633 819 3666 uon
829 3654 836 3680 ,
848 3616 962 3684 illeplus
973 3617 1109 3684 impendit.
1121 3617 1172 3668 lte-

94 3695 134 3746 Ea
145 3713 205 3746 vero
218 3695 253 3746 sic
261 3694 376 3758 sehabet.
387 3695 487 3763 Nempe
495 3693 556 3764 agri
568 3692 609 3745 di·
659 3691 724 3765 eepit
736 3691 893 3744 Gronovius.
910 3716 944 3728 -
960 3693 1013 3744 Ille
1025 3697 1112 3762 magis
1120 3711 1172 3760 pe-

95 3773 218 3832 tebantur
229 3773 351 3847 imperare
362 3769 468 3826 medicis
478 3775 486 3837 (
496 3771 541 3844 qui
549 3784 609 3837 tune
655 3773 748 3837 pendit
757 3771 852 3836 animi,
870 3771 980 3824 incertus
1000 3769 1150 3823 deliberarit
1161 3809 1173 3842 t

95 3869 149 3901 non
160 3849 316 3922 dignissime
327 3849 399 3903 sortis
409 3853 418 3916 )
428 3870 490 3920 quos
501 3850 610 3902 advoca·
658 3851 773 3903 animum
785 3849 923 3904 sollicitum
936 3863 960 3904 et
974 3849 1076 3903 anxium
1090 3849 1116 3902 in
1130 3871 1172 3903 cu·

93 3928 157 3994 bant
170 3927 278 3994 scilieet,
293 3939 335 3996 et,
350 3941 411 3999 puto
424 3967 431 3990 ,
447 3947 531 3980 annua
542 3947 611 3980 mer·
659 3927 740 3979 rande
752 3927 846 3980 diutius
858 3927 979 3980 ostendit.

93 4011 156 4060 cede
184 4006 314 4062 obstrictos
341 4007 475 4060 hebebant.
500 4008 609 4060 Alienus
693 4007 716 4070 l.
730 4003 786 4058 Sed
795 4007 919 4058 odtnovr't.
931 4003 1029 4076 Lipsius
1044 4004 1072 4054 in
1084 4002 1169 4055 libro:

94 4087 150 4158 lege
167 4086 199 4138 oli
216 4086 247 4138 de
269 4085 380 4138 libertate
397 4087 450 4138 ait:
465 4109 478 4133 a
496 4085 609 4139 medicus
658 4088 706 4138 sed
715 4083 952 4154 admonuit,·quod
970 4087 1021 4154 ipse
1033 4084 1119 4154 procul
1131 4103 1172 4134 re-

93 4164 166 4235 quod
177 4177 273 4237 putaret
279 4165 361 4217 multo
372 4166 452 4239 plures
459 4165 609 4239 imperantes
658 4162 719 4232 jieit.
731 4163 826 4215 Sensus
837 4175 902 4234 patet
914 4181 920 4215 :
935 4160 1045 4213 remedie
1059 4161 1172 4216 admovit

8 4243 10 4270 ³
94 4244 144 4304 sibi
153 4243 323 4296 habiturum.»
333 4245 415 4295 Varro
421 4242 466 4294 lib.
475 4243 568 4301 ldelie
578 4243 608 4294 ll.
661 4261 738 4297 rnnnu
749 4260 809 4306 sua,
823 4260 874 4294 non
888 4240 968 4292 solum
982 4239 1105 4312 praeerpit.
