2966 4948
309 460 368 524 t80
467 453 533 520 AD
558 453 816 522 MARCIAM
841 451 1209 522 CONSOLATIO.

301 589 338 656 in
356 607 486 654 summo
513 585 697 654 locatorum
725 609 732 649 :
760 581 925 652 erubesce
952 581 1139 675 quidquam
1158 581 1289 650 humile
1313 597 1379 652 aut

302 704 465 798 vulgare,
484 719 521 770 et
539 717 683 770 mnntus
700 701 737 769 in
756 699 880 768 melius
893 715 969 768 tuos
988 699 1085 768 flere.
1106 701 1148 767 ln
1164 713 1293 768 omma
1314 723 1377 768 ro*

301 845 379 890 rum
397 843 462 913 per
482 835 577 888 vasta
595 833 630 886 et
655 817 764 887 libora
783 819 914 911 spatia¹
936 815 1114 900 dimissus,
1133 841 1204 885 non
1221 815 1299 885 illos
1317 819 1377 886 in-

302 938 430 1006 terlirsa
456 937 563 1005 maria
594 933 813 1016 discludunt,
844 955 910 1002 nec
925 932 1070 1002 altitudo
1095 934 1286 1016 montium,
1313 949 1378 1002 aut

301 1058 376 1124 imre
393 1053 519 1135 valles,
539 1069 599 1125 aut
616 1053 748 1122 incerta
762 1048 849 1120 rada
862 1052 1015 1144 Syrtium
1026 1055 1060 1138 ²3
1075 1041 1243 1120 tramites³
1257 1053 1376 1120 omnia

299 1171 412 1264 plani,
428 1187 518 1238 etex
533 1168 623 1237 facili
638 1167 798 1252 mobiles,
814 1182 850 1234 et
858 1165 1032 1260 expediti,
1048 1183 1084 1235 et
1096 1159 1244 1236 iiivioem
1257 1167 1372 1261 pervii

298 1303 402 1369 sunt,
424 1286 678 1377 intermixtique
696 1282 879 1352 sideribus.

346 1402 478 1471 XXVI.
500 1403 585 1470 Puta
601 1401 718 1492 itaquo
732 1423 773 1467 ex
791 1397 851 1466 illa
873 1421 953 1467 aroc
969 1398 1096 1468 calesti
1108 1413 1240 1492 patrem
1254 1413 1367 1479 tuum,

297 1518 453 1599 Marcia,
482 1517 539 1584 cui
560 1531 691 1582 tantum
710 1511 804 1608 apud
822 1528 857 1582 te
880 1515 1092 1583 auctoritatis
1108 1531 1183 1584 orat
1200 1531 1369 1608 quantum

296 1633 361 1700 tibi
372 1629 465 1726 apud
478 1630 585 1698 lilium
600 1645 708 1710 tuum,
725 1652 795 1697 non
806 1628 865 1697 illu
878 1623 1049 1723 ingenio⁴,
1062 1655 1131 1722 quo
1148 1631 1262 1700 civilia
1276 1631 1369 1699 bulla

296 1748 455 1828 deflevit,
476 1771 545 1839 quo
565 1745 818 1839 proscribentes
831 1746 869 1820 in
885 1760 1051 1816 aeternum
1063 1749 1141 1842 ipse*
1150 1750 1365 1842 proscripsit,

296 1865 357 1936 sed
380 1879 473 1933 tanto
497 1863 658 1948 elatiore,
683 1879 811 1954 quantu
837 1877 890 1932 cst
913 1863 987 1956 ipse
1010 1863 1206 1949 sublimior,
1227 1865 1364 1934 dicore:

296 1984 368 2052 Cur
386 1998 445 2062 te,
467 1980 563 2062 lilia,
585 1995 652 2049 tam
672 1977 774 2072 lunga
795 1993 890 2047 tenet
908 1978 1075 2072 agritudo
1091 1981 1107 2049 i
1123 1983 1195 2051 Cur
1212 1981 1250 2049 in
1272 1999 1367 2050 tanta

294 2097 369 2165 veri
389 2096 583 2190 ignorantia
606 2094 778 2175 versaris,
800 2109 840 2161 ut
865 2095 983 2186 inique
1005 2111 1118 2164 actum
1131 2096 1268 2189 judices
1284 2122 1365 2166 cum

295 2214 366 2282 filio
383 2228 442 2280 tuo
457 2208 575 2303 ‚quod
591 2211 627 2277 in
648 2207 786 2276 taedium
797 2232 917 2278 versus
929 2212 1006 2280 vitm
1017 2205 1050 2294 ⁵¹,
1070 2213 1145 2306 ipae
1157 2212 1202 2282 ad
1219 2215 1363 2308 majores

293 2355 329 2400 se
340 2331 470 2425 recapit
483 2325 705 2398 suosi'Nescis
719 2328 855 2418 quinatis
871 2327 1004 2399 fortuna
1018 2331 1177 2424 procellis
1192 2327 1363 2406 dismrbet

291 2448 402 2515 omnia
413 2447 428 2514 l
439 2469 544 2540 quam
562 2443 665 2512 nullis
681 2442 866 2536 benignam
883 2444 1083 2539 facilemque
1099 2471 1135 2516 se
1148 2449 1358 2543 praestiterit,

327 2690 347 2723 ι.
358 2669 454 2723 Lr'dera
463 2667 561 2738 spotia.
574 2665 667 2720 Gsllie.
678 2669 690 2718 1
694 2669 798 2734 ’espace
849 2667 959 2721 debello
970 2669 1040 2723 civili
1049 2707 1057 2733 ,
1067 2669 1113 2741 qui
1123 2669 1284 2744 Triumviros
1292 2690 1362 2738 pro-

289 2750 313 2800 le
327 2751 395 2805 uide.
850 2748 1001 2810 scribentes.
1013 2746 1130 2819 inprimis
1139 2745 1263 2819 Lepidum
1275 2759 1300 2799 et
1310 2748 1362 2800 Au·

322 2848 345 2879 a.
358 2827 485 2896 Syrtim.
498 2825 554 2878 llus:
569 2824 675 2876 numius
689 2823 800 2896 primum
850 2823 1080 2898 tunium(Augusto
1093 2825 1162 2877 euim
1173 2823 1361 2898 pepercit)‚ipss

288 2923 362 2977 rupes
378 2903 533 2978 appellavere
544 2919 602 2971 qun
613 2899 659 2953 sub
672 2899 749 2952 undis
766 2899 801 2952 its
848 2906 1008 2973 proscripsit,
1016 2903 1033 2955 i.
1045 2921 1067 2954 c.
1079 2901 1193 2956 iufamia
1203 2913 1360 2974 posterorum

288 2981 398 3034 latebunt
408 2992 436 3033 nt
447 2979 560 3032 navosiis
568 2978 770 3052 impingereutnr
778 2988 803 3029 st
850 2979 955 3033 lradidit
962 3016 971 3044 ‚
979 2999 1054 3052 supra
1065 2979 1142 3032 allata
1150 2991 1217 3032 snut.

288 3059 454 3117 illiderentur.
473 3055 544 3109 Dein
561 3067 643 3129 partes
657 3056 802 3126 marisque
884 3059 908 3110 5.
921 3057 1003 3128 Quod
1016 3063 1044 3109 in
1057 3059 1165 3109 toedium
1179 3074 1274 3110 versus
1290 3061 1359 3111 osa.

288 3137 319 3191 iis
330 3137 434 3210 rup'lsus
452 3137 559 3188 infames
574 3147 644 3189 erant
658 3135 744 3208 Syrtes
755 3153 802 3188 no·
852 3134 894 3187 Sic
906 3135 1002 3187 Erasm.
1015 3153 1022 3186 :
1034 3148 1060 3186 at
1071 3134 1146 3186 codd.
1157 3136 1229 3203 quud
1235 3138 1262 3186 in
1275 3143 1301 3188 te
1312 3134 1360 3188 dol

287 3214 390 3268 minata
405 3225 477 3274 sunt3
491 3223 515 3266 el
523 3213 574 3265 duo
583 3211 742 3287 potissimum
754 3213 802 3265 dis·
849 3231 909 3265 mus
917 3223 1002 3265 status
1013 3215 1040 3264 iu
1051 3219 1076 3264 ie
1088 3215 1144 3279 ipse
1153 3212 1191 3262 ud
1198 3214 1314 3279 majores
1323 3233 1360 3265 re·

286 3290 485 3365 tinguebantur,
503 3289 582 3344 ambo
596 3289 727 3359 inanius,
741 3291 802 3362 Syr-
848 3293 914 3359 cepit
924 3309 993 3343 suos·
1005 3289 1070 3342 Edd.
1083 3288 1170 3360 priscae
1183 3308 1240 3341 eum
1261 3290 1359 3342 Frobe·

287 3369 318 3422 tis
329 3369 423 3440 major,
434 3368 515 3443 Syrtis
526 3367 620 3421 minor.
849 3369 924 3423 niana
929 3367 1011 3444 priore
1019 3373 1096 3437 :quid
1103 3373 1131 3421 in
1138 3380 1163 3423 te
1170 3372 1264 3423 domus
1272 3381 1358 3424 status

320 3445 479 3500 3.Trum1'tes
486 3448 608 3500 omniml.
617 3465 638 3498 e.
646 3466 689 3521 per
700 3447 795 3512 omnia,
847 3451 914 3500 vitm.
930 3447 993 3500 lude
1010 3447 1107 3520 Lipsius
1122 3447 1182 3500 iecit
1196 3465 1202 3501 τ
1218 3451 1293 3516 qnod
1305 3451 1359 3500 sine

287 3539 348 3580 uoto
357 3525 479 3599 loquendi
490 3547 561 3578 more
574 3525 639 3579 :uisi
648 3526 731 3579 ioman
741 3546 798 3578 con·
847 3529 939 3589 tudio,
950 3530 1093 3579 soturvitoe
1101 3529 1158 3595 ipse
1166 3528 1211 3579 ud.
1222 3525 1340 3580 Gronov.
1351 3541 1358 3576 e

285 3605 435 3659 struendum
446 3603 495 3656 sit:
509 3604 608 3656 Omnia
625 3614 686 3656 sunt
700 3606 798 3655 trami-
822 3601 824 3606 ’
847 3606 919 3675 qwd
926 3607 988 3657 oitoe
999 3596 1193 3657 demonstratus
1202 3607 1257 3672 ipse
1267 3625 1296 3657 se
1310 3607 1356 3659 od.

286 3693 330 3745 tes,
342 3695 388 3736 ste.
399 3681 498 3754 Lipsius
507 3700 556 3733 em.
565 3683 680 3733 omnium
688 3717 695 3744 ‚
702 3699 735 3732 se.
745 3679 797 3734 aui·
845 3685 932 3737 Lectio
943 3683 1045 3757 vulgatu
1055 3683 1132 3736 nihili
1144 3695 1186 3737 est.
1198 3685 1276 3737 lisele
1287 3684 1356 3738 enim

285 3777 402 3824 marum,
418 3771 484 3812 recta
505 3777 519 3810 a
537 3757 653 3811 Gronov.
673 3777 805 3832 repressus·
846 3762 945 3834 Lipsius
956 3761 1188 3832 observat:«Atqui
1199 3761 1357 3813 nullumlle·

286 3851 310 3890 et
319 3857 364 3891 suo
377 3837 444 3890 libro
455 3839 572 3890 immites
586 3835 670 3888 abesse
680 3847 758 3887 notst.
845 3839 901 3893 tilio
914 3840 973 3894 vito
985 3839 1089 3894 tedium
1100 3850 1153 3891 erat
1166 3857 1172 3891 :
1184 3836 1292 3890 nectale
1304 3857 1357 3890 an·

319 3917 414 3968 xxv1.
422 3919 490 3968 Aac.
506 3915 581 3968 Pater
592 3913 736 3967 felicitatem
747 3913 796 3968 lilii
844 3931 883 3971 tes
895 3917 993 3992 tetigit3
1007 3915 1115 3989 »etipse
1128 3915 1247 3990 proponit
1260 3933 1267 3966 :
1284 3919 1358 3986 qnod

286 3995 322 4047 ibi
350 3993 528 4064 commorantis
554 3991 693 4066 predicans
719 3994 796 4046 indu·
844 3996 995 4060 sinetoedim
1005 3998 1157 4060 sanccita,
1166 3999 1232 4065 ipse,
1240 4006 1287 4046 ete.
1298 3994 1356 4067 lsip·

287 4074 358 4126 ritnr.
843 4073 874 4126 sii
881 4072 943 4126 adeo
949 4073 1027 4126 codex
1032 4077 1059 4128 el
1067 4075 1171 4142 quod...
1182 4075 1246 4125 vitoe
1253 4093 1355 4146 prorsus

320 4153 344 4217 4.
355 4153 416 4205 Non
427 4153 474 4204 illo
482 4152 584 4220 ingenio
591 4188 599 4212 ,
613 4159 658 4202 etc.
668 4148 794 4203 lismiois·
843 4151 1007 4225 pretermisit.
1020 4151 1058 4202 Ne
1069 4170 1128 4205 cum
1145 4147 1231 4222 lipsio
1244 4164 1268 4203 et
1280 4151 1355 4204 Gro-

287 4229 359 4294 esris‚
367 4229 460 4300 quode
472 4227 672 4292 cordopnetore
683 4227 793 4282 historio
843 4228 921 4282 novio
934 4241 1079 4296 auctorem,
1091 4247 1146 4282 uon
1158 4227 1256 4280 librarii
1270 4245 1354 4280 susor-
