<?xml version="1.0" encoding="UTF-8"?>
<!DOCTYPE html PUBLIC "-//W3C//DTD XHTML 1.0 Transitional//EN"
    "http://www.w3.org/TR/xhtml1/DTD/xhtml1-transitional.dtd">
<html xmlns="http://www.w3.org/1999/xhtml" xml:lang="en" lang="en">
 <head>
  <title>
</title>
<meta http-equiv="Content-Type" content="text/html;charset=utf-8" />
  <meta name='ocr-system' content='tesseract 3.04.00' />
  <meta name='ocr-capabilities' content='ocr_page ocr_carea ocr_par ocr_line ocrx_word'/>
</head>
<body>
  <div class='ocr_page' id='page_1' title='image "./lannsenecparspr02bouigoog_0267.png"; bbox 0 0 2966 4948; ppageno 0'>
   <div class='ocr_carea' id='block_1_1' title="bbox 290 365 1201 442">
    <p class='ocr_par' dir='ltr' id='par_1_1' title="bbox 290 365 1201 442">
     <span class='ocr_line' id='line_1_1' title="bbox 290 365 1201 442; baseline -0.009 0"><span class='ocrx_word' id='word_1_1' title='bbox 290 375 359 442; x_wconf 75' lang='lat'><strong>256</strong></span> <span class='ocrx_word' id='word_1_2' title='bbox 457 369 528 438; x_wconf 88' lang='lat' dir='ltr'><strong>DE</strong></span> <span class='ocrx_word' id='word_1_3' title='bbox 550 367 745 440; x_wconf 85' lang='lat' dir='ltr'>MORTE</span> <span class='ocrx_word' id='word_1_4' title='bbox 768 365 994 436; x_wconf 82' lang='lat' dir='ltr'>CLAUDII</span> <span class='ocrx_word' id='word_1_5' title='bbox 1016 365 1201 437; x_wconf 76' lang='lat' dir='ltr'><strong>LUDUS.</strong></span> 
     </span>
    </p>
   </div>
   <div class='ocr_carea' id='block_1_2' title="bbox 290 493 1471 785">
    <p class='ocr_par' dir='ltr' id='par_1_2' title="bbox 290 493 1471 785">
     <span class='ocr_line' id='line_1_2' title="bbox 290 493 1471 598; baseline -0.006 -34"><span class='ocrx_word' id='word_1_6' title='bbox 290 493 1361 582; x_wconf 71' lang='lat' dir='ltr'><strong>amicitcvolnitzpartimeuimaltusuScuecaenonaltltortcut,</strong></span> <span class='ocrx_word' id='word_1_7' title='bbox 1470 573 1471 598; x_wconf 25' lang='grc' dir='ltr'>Ξ</span> 
     </span>
     <span class='ocr_line' id='line_1_3' title="bbox 291 602 1365 693; baseline -0.006 -24"><span class='ocrx_word' id='word_1_8' title='bbox 291 607 403 693; x_wconf 85' lang='lat' dir='ltr'><strong>partim</strong></span> <span class='ocrx_word' id='word_1_9' title='bbox 417 607 449 668; x_wconf 89' lang='lat' dir='ltr'><strong>in</strong></span> <span class='ocrx_word' id='word_1_10' title='bbox 465 606 544 668; x_wconf 78' lang='lat' dir='ltr'><strong>notia</strong></span> <span class='ocrx_word' id='word_1_11' title='bbox 560 604 620 666; x_wconf 78' lang='lat' dir='ltr'><strong>uici</strong></span> <span class='ocrx_word' id='word_1_12' title='bbox 638 624 744 678; x_wconf 78' lang='lat' dir='ltr'><strong>usum,</strong></span> <span class='ocrx_word' id='word_1_13' title='bbox 762 616 866 668; x_wconf 79' lang='lat' dir='ltr'><strong>tamen</strong></span> <span class='ocrx_word' id='word_1_14' title='bbox 887 602 1062 687; x_wconf 75' lang='lat' dir='ltr'><strong>analogiam</strong></span> <span class='ocrx_word' id='word_1_15' title='bbox 1079 603 1188 665; x_wconf 83' lang='lat' dir='ltr'><strong>harum</strong></span> <span class='ocrx_word' id='word_1_16' title='bbox 1205 602 1365 686; x_wconf 73' lang='lat' dir='ltr'><strong>phrasium</strong></span> 
     </span>
     <span class='ocr_line' id='line_1_4' title="bbox 291 707 1471 785; baseline -0.006 -10"><span class='ocrx_word' id='word_1_17' title='bbox 291 726 460 776; x_wconf 75' lang='lat' dir='ltr'><strong>monstrare</strong></span> <span class='ocrx_word' id='word_1_18' title='bbox 476 707 821 785; x_wconf 73' lang='lat' dir='ltr'><strong>conatumsic‚ut</strong></span> <span class='ocrx_word' id='word_1_19' title='bbox 834 709 895 774; x_wconf 86' lang='lat' dir='ltr'><strong>hoc</strong></span> <span class='ocrx_word' id='word_1_20' title='bbox 907 709 1008 773; x_wconf 83' lang='lat' dir='ltr'><strong>obiter</strong></span> <span class='ocrx_word' id='word_1_21' title='bbox 1019 729 1181 784; x_wconf 86' lang='lat' dir='ltr'><strong>moneam,</strong></span> <span class='ocrx_word' id='word_1_22' title='bbox 1196 707 1316 772; x_wconf 84' lang='lat' dir='ltr'><strong>Seneca</strong></span> <span class='ocrx_word' id='word_1_23' title='bbox 1327 710 1365 770; x_wconf 86' lang='lat' dir='ltr'><strong>de</strong></span> <span class='ocrx_word' id='word_1_24' title='bbox 1470 765 1471 780; x_wconf 66' lang='lat'><strong>,</strong></span> 
     </span>
    </p>
   </div>
   <div class='ocr_carea' id='block_1_3' title="bbox 292 811 1383 3563">
    <p class='ocr_par' dir='ltr' id='par_1_3' title="bbox 292 811 1383 3563">
     <span class='ocr_line' id='line_1_5' title="bbox 292 811 1366 896; baseline -0.007 -15"><span class='ocrx_word' id='word_1_25' title='bbox 292 816 536 896; x_wconf 70' lang='lat' dir='ltr'><strong>Benet&#39;.Vll,4,</strong></span> <span class='ocrx_word' id='word_1_26' title='bbox 552 813 1123 894; x_wconf 79' lang='lat' dir='ltr'><strong>1,habet=·volovidere;·vl1,8,</strong></span> <span class='ocrx_word' id='word_1_27' title='bbox 1142 837 1155 876; x_wconf 86' lang='lat' dir='ltr'><strong>t</strong></span> <span class='ocrx_word' id='word_1_28' title='bbox 1173 811 1366 874; x_wconf 71' lang='lat' dir='ltr'><strong>:uvolosub</strong></span> 
     </span>
     <span class='ocr_line' id='line_1_6' title="bbox 293 921 1368 1009; baseline -0.008 -20"><span class='ocrx_word' id='word_1_29' title='bbox 293 937 455 1009; x_wconf 82' lang='lat' dir='ltr'><strong>compecto</strong></span> <span class='ocrx_word' id='word_1_30' title='bbox 465 943 537 984; x_wconf 90' lang='lat' dir='ltr'><strong>mco</strong></span> <span class='ocrx_word' id='word_1_31' title='bbox 546 943 725 1006; x_wconf 76' lang='lat' dir='ltr'><strong>ponere,»c.</strong></span> <span class='ocrx_word' id='word_1_32' title='bbox 741 943 790 998; x_wconf 89' lang='lat'><strong>10,</strong></span> <span class='ocrx_word' id='word_1_33' title='bbox 809 945 823 984; x_wconf 87' lang='lat' dir='ltr'><strong>r</strong></span> <span class='ocrx_word' id='word_1_34' title='bbox 840 944 849 981; x_wconf 76' lang='grc' dir='ltr'><strong><em>ε</em></strong></span> <span class='ocrx_word' id='word_1_35' title='bbox 864 948 880 975; x_wconf 81' lang='grc' dir='ltr'>ι</span> <span class='ocrx_word' id='word_1_36' title='bbox 891 921 1050 984; x_wconf 85' lang='lat' dir='ltr'><strong>umcrolo</strong></span> <span class='ocrx_word' id='word_1_37' title='bbox 1060 935 1368 1004; x_wconf 77' lang='lat' dir='ltr'><strong>tuasopcarecogno-</strong></span> 
     </span>
     <span class='ocr_line' id='line_1_7' title="bbox 295 1027 1367 1112; baseline -0.007 -17"><span class='ocrx_word' id='word_1_38' title='bbox 295 1053 432 1109; x_wconf 80' lang='lat' dir='ltr'><strong>tcere,»</strong></span> <span class='ocrx_word' id='word_1_39' title='bbox 450 1028 707 1112; x_wconf 71' lang='lat' dir='ltr'><strong>etoNoumagia</strong></span> <span class='ocrx_word' id='word_1_40' title='bbox 726 1027 889 1090; x_wconf 81' lang='lat' dir='ltr'><strong>miltiViri</strong></span> <span class='ocrx_word' id='word_1_41' title='bbox 906 1029 1367 1110; x_wconf 75' lang='lat' dir='ltr'><strong>amicissimi,quoaejmpaoe</strong></span> 
     </span>
     <span class='ocr_line' id='line_1_8' title="bbox 294 1133 1367 1219; baseline -0.006 -19"><span class='ocrx_word' id='word_1_42' title='bbox 294 1140 408 1200; x_wconf 86' lang='lat' dir='ltr'><strong>dictum</strong></span> <span class='ocrx_word' id='word_1_43' title='bbox 423 1136 480 1214; x_wconf 80' lang='lat' dir='ltr'><strong>tit,</strong></span> <span class='ocrx_word' id='word_1_44' title='bbox 496 1148 674 1219; x_wconf 87' lang='lat' dir='ltr'><strong>argumenta</strong></span> <span class='ocrx_word' id='word_1_45' title='bbox 691 1133 752 1196; x_wconf 84' lang='lat' dir='ltr'><strong>alia</strong></span> <span class='ocrx_word' id='word_1_46' title='bbox 763 1137 959 1218; x_wconf 80' lang='lat' dir='ltr'><strong>permadeut,</strong></span> <span class='ocrx_word' id='word_1_47' title='bbox 971 1155 1064 1218; x_wconf 82' lang='lat' dir='ltr'><strong>quum</strong></span> <span class='ocrx_word' id='word_1_48' title='bbox 1076 1148 1205 1218; x_wconf 81' lang='lat' dir='ltr'><strong>propter</strong></span> <span class='ocrx_word' id='word_1_49' title='bbox 1217 1134 1294 1216; x_wconf 71' lang='lat' dir='ltr'><strong>juria</strong></span> <span class='ocrx_word' id='word_1_50' title='bbox 1306 1154 1367 1216; x_wconf 83' lang='lat' dir='ltr'><strong>pe-</strong></span> 
     </span>
     <span class='ocr_line' id='line_1_9' title="bbox 294 1237 1369 1323; baseline -0.006 -18"><span class='ocrx_word' id='word_1_51' title='bbox 294 1243 396 1305; x_wconf 87' lang='lat' dir='ltr'><strong>ritiam</strong></span> <span class='ocrx_word' id='word_1_52' title='bbox 411 1262 474 1303; x_wconf 92' lang='lat' dir='ltr'><strong>non</strong></span> <span class='ocrx_word' id='word_1_53' title='bbox 487 1239 658 1323; x_wconf 79' lang='lat' dir='ltr'><strong>vulgarem,</strong></span> <span class='ocrx_word' id='word_1_54' title='bbox 674 1261 741 1320; x_wconf 73' lang='lat' dir='ltr'><strong>quae</strong></span> <span class='ocrx_word' id='word_1_55' title='bbox 759 1239 792 1300; x_wconf 90' lang='lat' dir='ltr'><strong>in</strong></span> <span class='ocrx_word' id='word_1_56' title='bbox 805 1239 911 1302; x_wconf 86' lang='lat' dir='ltr'><strong>libello</strong></span> <span class='ocrx_word' id='word_1_57' title='bbox 927 1239 1065 1316; x_wconf 87' lang='lat' dir='ltr'><strong>eluceat,</strong></span> <span class='ocrx_word' id='word_1_58' title='bbox 1087 1252 1118 1302; x_wconf 87' lang='lat' dir='ltr'><strong>ct</strong></span> <span class='ocrx_word' id='word_1_59' title='bbox 1131 1239 1271 1302; x_wconf 81' lang='lat' dir='ltr'><strong>dictionis</strong></span> <span class='ocrx_word' id='word_1_60' title='bbox 1285 1237 1369 1300; x_wconf 82' lang='lat' dir='ltr'><strong>simi-</strong></span> 
     </span>
     <span class='ocr_line' id='line_1_10' title="bbox 295 1342 1369 1428; baseline -0.004 -18"><span class='ocrx_word' id='word_1_61' title='bbox 295 1348 453 1410; x_wconf 87' lang='lat' dir='ltr'><strong>litudinem</strong></span> <span class='ocrx_word' id='word_1_62' title='bbox 475 1343 627 1410; x_wconf 82' lang='lat' dir='ltr'>Senecam</span> <span class='ocrx_word' id='word_1_63' title='bbox 648 1359 768 1428; x_wconf 84' lang='lat' dir='ltr'><strong>patrem</strong></span> <span class='ocrx_word' id='word_1_64' title='bbox 784 1342 863 1407; x_wconf 82' lang='lat' dir='ltr'><strong>Ludi</strong></span> <span class='ocrx_word' id='word_1_65' title='bbox 884 1361 1042 1410; x_wconf 79' lang='lat' dir='ltr'><strong>auctorem</strong></span> <span class='ocrx_word' id='word_1_66' title='bbox 1063 1367 1147 1419; x_wconf 79' lang='lat' dir='ltr'><strong>esse,</strong></span> <span class='ocrx_word' id='word_1_67' title='bbox 1169 1365 1232 1408; x_wconf 92' lang='lat' dir='ltr'><strong>non</strong></span> <span class='ocrx_word' id='word_1_68' title='bbox 1247 1345 1369 1421; x_wconf 86' lang='lat' dir='ltr'><strong>lilium,</strong></span> 
     </span>
     <span class='ocr_line' id='line_1_11' title="bbox 295 1449 1370 1537; baseline -0.005 -20"><span class='ocrx_word' id='word_1_69' title='bbox 295 1468 434 1518; x_wconf 81' lang='lat' dir='ltr'><strong>nostrum</strong></span> <span class='ocrx_word' id='word_1_70' title='bbox 448 1451 578 1515; x_wconf 90' lang='lat' dir='ltr'><strong>Lucium</strong></span> <span class='ocrx_word' id='word_1_71' title='bbox 592 1450 759 1530; x_wconf 64' lang='lat' dir='ltr'><strong>Amnum,</strong></span> <span class='ocrx_word' id='word_1_72' title='bbox 781 1465 847 1513; x_wconf 93' lang='lat' dir='ltr'><strong>tum</strong></span> <span class='ocrx_word' id='word_1_73' title='bbox 870 1452 1030 1516; x_wconf 75' lang='lat' dir='ltr'><strong>severitate</strong></span> <span class='ocrx_word' id='word_1_74' title='bbox 1052 1465 1142 1536; x_wconf 82' lang='lat' dir='ltr'><strong>atque</strong></span> <span class='ocrx_word' id='word_1_75' title='bbox 1161 1453 1308 1537; x_wconf 75' lang='lat' dir='ltr'><strong>gravitate</strong></span> <span class='ocrx_word' id='word_1_76' title='bbox 1318 1449 1370 1536; x_wconf 70' lang='lat' dir='ltr'><strong>‚L</strong></span> 
     </span>
     <span class='ocr_line' id='line_1_12' title="bbox 296 1555 1371 1644; baseline -0.005 -21"><span class='ocrx_word' id='word_1_77' title='bbox 296 1561 404 1624; x_wconf 81' lang='lat' dir='ltr'><strong>Annaei</strong></span> <span class='ocrx_word' id='word_1_78' title='bbox 422 1559 583 1644; x_wconf 75' lang='lat' dir='ltr'><strong>satyricam</strong></span> <span class='ocrx_word' id='word_1_79' title='bbox 598 1555 678 1620; x_wconf 85' lang='lat' dir='ltr'><strong>hauc</strong></span> <span class='ocrx_word' id='word_1_80' title='bbox 692 1570 723 1621; x_wconf 91' lang='lat' dir='ltr'><strong>et</strong></span> <span class='ocrx_word' id='word_1_81' title='bbox 736 1557 881 1620; x_wconf 79' lang='lat' dir='ltr'><strong>frivolam</strong></span> <span class='ocrx_word' id='word_1_82' title='bbox 897 1571 929 1620; x_wconf 86' lang='lat' dir='ltr'><strong>ct</strong></span> <span class='ocrx_word' id='word_1_83' title='bbox 943 1557 1098 1622; x_wconf 79' lang='lat' dir='ltr'><strong>sordidam</strong></span> <span class='ocrx_word' id='word_1_84' title='bbox 1114 1559 1266 1622; x_wconf 76' lang='lat' dir='ltr'><strong>scribendi</strong></span> <span class='ocrx_word' id='word_1_85' title='bbox 1278 1558 1371 1620; x_wconf 80' lang='lat' dir='ltr'><strong>ratio</strong></span> 
     </span>
     <span class='ocr_line' id='line_1_13' title="bbox 296 1661 1372 1750; baseline -0.005 -21"><span class='ocrx_word' id='word_1_86' title='bbox 296 1689 370 1730; x_wconf 92' lang='lat' dir='ltr'><strong>nem</strong></span> <span class='ocrx_word' id='word_1_87' title='bbox 380 1687 443 1728; x_wconf 90' lang='lat' dir='ltr'><strong>nou</strong></span> <span class='ocrx_word' id='word_1_88' title='bbox 462 1665 584 1750; x_wconf 83' lang='lat' dir='ltr'><strong>dignam</strong></span> <span class='ocrx_word' id='word_1_89' title='bbox 601 1684 677 1728; x_wconf 75' lang='lat' dir='ltr'><strong>ctae.</strong></span> <span class='ocrx_word' id='word_1_90' title='bbox 700 1661 850 1728; x_wconf 81' lang='lat' dir='ltr'><strong>Senecam</strong></span> <span class='ocrx_word' id='word_1_91' title='bbox 869 1677 973 1728; x_wconf 82' lang='lat' dir='ltr'><strong>tamen</strong></span> <span class='ocrx_word' id='word_1_92' title='bbox 994 1679 1115 1749; x_wconf 83' lang='lat' dir='ltr'><strong>patrem</strong></span> <span class='ocrx_word' id='word_1_93' title='bbox 1131 1678 1202 1727; x_wconf 91' lang='lat' dir='ltr'><strong>tunc</strong></span> <span class='ocrx_word' id='word_1_94' title='bbox 1223 1662 1372 1747; x_wconf 76' lang='lat' dir='ltr'><strong>temporis</strong></span> 
     </span>
     <span class='ocr_line' id='line_1_14' title="bbox 296 1769 1374 1856; baseline -0.005 -19"><span class='ocrx_word' id='word_1_95' title='bbox 296 1794 360 1838; x_wconf 92' lang='lat' dir='ltr'><strong>non</strong></span> <span class='ocrx_word' id='word_1_96' title='bbox 374 1771 505 1856; x_wconf 81' lang='lat' dir='ltr'><strong>amplius</strong></span> <span class='ocrx_word' id='word_1_97' title='bbox 524 1771 556 1832; x_wconf 88' lang='lat' dir='ltr'><strong>in</strong></span> <span class='ocrx_word' id='word_1_98' title='bbox 574 1770 651 1832; x_wconf 80' lang='lat' dir='ltr'><strong>vivit</strong></span> <span class='ocrx_word' id='word_1_99' title='bbox 670 1769 778 1850; x_wconf 74' lang='lat' dir='ltr'><strong>luisse,</strong></span> <span class='ocrx_word' id='word_1_100' title='bbox 796 1773 1006 1835; x_wconf 75' lang='lat' dir='ltr'><strong>demonstrare</strong></span> <span class='ocrx_word' id='word_1_101' title='bbox 1023 1771 1151 1834; x_wconf 69' lang='lat' dir='ltr'><strong>lortatoe</strong></span> <span class='ocrx_word' id='word_1_102' title='bbox 1169 1770 1329 1848; x_wconf 56' lang='lat' dir='ltr'><strong>ruerem,</strong></span> <span class='ocrx_word' id='word_1_103' title='bbox 1347 1770 1374 1832; x_wconf 85' lang='lat' dir='ltr'><strong>si</strong></span> 
     </span>
     <span class='ocr_line' id='line_1_15' title="bbox 298 1878 1374 1964; baseline -0.006 -21"><span class='ocrx_word' id='word_1_104' title='bbox 298 1880 377 1943; x_wconf 85' lang='lat' dir='ltr'><strong>lorte</strong></span> <span class='ocrx_word' id='word_1_105' title='bbox 392 1900 469 1964; x_wconf 82' lang='lat' dir='ltr'><strong>opus</strong></span> <span class='ocrx_word' id='word_1_106' title='bbox 483 1890 588 1940; x_wconf 82' lang='lat' dir='ltr'><strong>esset:</strong></span> <span class='ocrx_word' id='word_1_107' title='bbox 612 1879 742 1941; x_wconf 84' lang='lat' dir='ltr'><strong>sednon</strong></span> <span class='ocrx_word' id='word_1_108' title='bbox 761 1879 869 1957; x_wconf 81' lang='lat' dir='ltr'><strong>video,</strong></span> <span class='ocrx_word' id='word_1_109' title='bbox 890 1901 945 1942; x_wconf 87' lang='lat' dir='ltr'><strong>cur</strong></span> <span class='ocrx_word' id='word_1_110' title='bbox 959 1879 1153 1964; x_wconf 76' lang='lat' dir='ltr'><strong>jmisperitiae</strong></span> <span class='ocrx_word' id='word_1_111' title='bbox 1173 1879 1240 1942; x_wconf 81' lang='lat' dir='ltr'><strong>lana</strong></span> <span class='ocrx_word' id='word_1_112' title='bbox 1258 1897 1324 1939; x_wconf 93' lang='lat' dir='ltr'><strong>non</strong></span> <span class='ocrx_word' id='word_1_113' title='bbox 1340 1878 1374 1938; x_wconf 92' lang='lat' dir='ltr'><strong>in</strong></span> 
     </span>
     <span class='ocr_line' id='line_1_16' title="bbox 297 1983 1376 2074; baseline -0.006 -22"><span class='ocrx_word' id='word_1_114' title='bbox 297 2003 437 2052; x_wconf 71' lang='lat' dir='ltr'><strong>notumu</strong></span> <span class='ocrx_word' id='word_1_115' title='bbox 453 2009 573 2070; x_wconf 82' lang='lat' dir='ltr'><strong>quoque</strong></span> <span class='ocrx_word' id='word_1_116' title='bbox 589 1983 763 2066; x_wconf 80' lang='lat' dir='ltr'><strong>Senecam,</strong></span> <span class='ocrx_word' id='word_1_117' title='bbox 791 2009 883 2072; x_wconf 81' lang='lat' dir='ltr'><strong>quem</strong></span> <span class='ocrx_word' id='word_1_118' title='bbox 901 2009 981 2074; x_wconf 75' lang='lat' dir='ltr'><strong>cape</strong></span> <span class='ocrx_word' id='word_1_119' title='bbox 1004 2009 1110 2054; x_wconf 77' lang='lat' dir='ltr'><strong>causas</strong></span> <span class='ocrx_word' id='word_1_120' title='bbox 1133 2007 1236 2050; x_wconf 81' lang='lat' dir='ltr'><strong>oratte</strong></span> <span class='ocrx_word' id='word_1_121' title='bbox 1256 1999 1376 2052; x_wconf 79' lang='lat' dir='ltr'><strong>constat</strong></span> 
     </span>
     <span class='ocr_line' id='line_1_17' title="bbox 299 2089 1375 2181; baseline -0.002 -23"><span class='ocrx_word' id='word_1_122' title='bbox 299 2093 396 2175; x_wconf 73' lang='lat' dir='ltr'><strong>(cle.</strong></span> <span class='ocrx_word' id='word_1_123' title='bbox 408 2115 435 2156; x_wconf 83' lang='lat' dir='ltr'><strong>c.</strong></span> <span class='ocrx_word' id='word_1_124' title='bbox 447 2089 512 2156; x_wconf 84' lang='lat' dir='ltr'><strong>Ilio</strong></span> <span class='ocrx_word' id='word_1_125' title='bbox 526 2089 612 2156; x_wconf 75' lang='lat' dir='ltr'><strong>Casc</strong></span> <span class='ocrx_word' id='word_1_126' title='bbox 628 2091 720 2171; x_wconf 83' lang='lat' dir='ltr'><strong>LIX,</strong></span> <span class='ocrx_word' id='word_1_127' title='bbox 740 2095 942 2178; x_wconf 75' lang='lat' dir='ltr'><strong>19),casura</strong></span> <span class='ocrx_word' id='word_1_128' title='bbox 958 2094 1220 2181; x_wconf 79' lang='lat' dir='ltr'><strong>sitNecsatyrica</strong></span> <span class='ocrx_word' id='word_1_129' title='bbox 1233 2107 1375 2156; x_wconf 83' lang='lat' dir='ltr'><strong>nostrum</strong></span> 
     </span>
     <span class='ocr_line' id='line_1_18' title="bbox 299 2199 1376 2286; baseline -0.002 -24"><span class='ocrx_word' id='word_1_130' title='bbox 299 2222 377 2264; x_wconf 86' lang='lat' dir='ltr'><strong>vena</strong></span> <span class='ocrx_word' id='word_1_131' title='bbox 383 2200 526 2277; x_wconf 79' lang='lat' dir='ltr'><strong>carnisse,</strong></span> <span class='ocrx_word' id='word_1_132' title='bbox 539 2201 686 2286; x_wconf 81' lang='lat' dir='ltr'><strong>coctiptis</strong></span> <span class='ocrx_word' id='word_1_133' title='bbox 694 2201 757 2280; x_wconf 76' lang='lat' dir='ltr'><strong>ltin,</strong></span> <span class='ocrx_word' id='word_1_134' title='bbox 768 2223 834 2284; x_wconf 74' lang='lat' dir='ltr'><strong>qun</strong></span> <span class='ocrx_word' id='word_1_135' title='bbox 843 2202 1038 2265; x_wconf 83' lang='lat' dir='ltr'><strong>uobisterere</strong></span> <span class='ocrx_word' id='word_1_136' title='bbox 1048 2201 1192 2284; x_wconf 87' lang='lat' dir='ltr'><strong>contigit,</strong></span> <span class='ocrx_word' id='word_1_137' title='bbox 1206 2200 1279 2262; x_wconf 82' lang='lat' dir='ltr'><strong>satis</strong></span> <span class='ocrx_word' id='word_1_138' title='bbox 1289 2199 1376 2263; x_wconf 88' lang='lat' dir='ltr'><strong>clare</strong></span> 
     </span>
     <span class='ocr_line' id='line_1_19' title="bbox 300 2306 1377 2392; baseline -0.003 -22"><span class='ocrx_word' id='word_1_139' title='bbox 300 2321 449 2392; x_wconf 80' lang='lat' dir='ltr'><strong>apparet:</strong></span> <span class='ocrx_word' id='word_1_140' title='bbox 463 2307 643 2370; x_wconf 83' lang='lat' dir='ltr'><strong>confirmant</strong></span> <span class='ocrx_word' id='word_1_141' title='bbox 655 2327 774 2390; x_wconf 84' lang='lat' dir='ltr'><strong>quoquc</strong></span> <span class='ocrx_word' id='word_1_142' title='bbox 788 2308 927 2391; x_wconf 83' lang='lat' dir='ltr'><strong>judiciaa</strong></span> <span class='ocrx_word' id='word_1_143' title='bbox 938 2307 1047 2372; x_wconf 87' lang='lat' dir='ltr'><strong>Tacito</strong></span> <span class='ocrx_word' id='word_1_144' title='bbox 1060 2322 1091 2371; x_wconf 86' lang='lat' dir='ltr'><strong>et</strong></span> <span class='ocrx_word' id='word_1_145' title='bbox 1100 2306 1292 2389; x_wconf 82' lang='lat' dir='ltr'><strong>Quintiliano</strong></span> <span class='ocrx_word' id='word_1_146' title='bbox 1304 2306 1377 2368; x_wconf 82' lang='lat' dir='ltr'><strong>satis</strong></span> 
     </span>
     <span class='ocr_line' id='line_1_20' title="bbox 302 2410 1376 2498; baseline -0.005 -22"><span class='ocrx_word' id='word_1_147' title='bbox 302 2429 374 2477; x_wconf 83' lang='lat' dir='ltr'><strong>nota</strong></span> <span class='ocrx_word' id='word_1_148' title='bbox 390 2417 428 2477; x_wconf 89' lang='lat' dir='ltr'><strong>de</strong></span> <span class='ocrx_word' id='word_1_149' title='bbox 446 2413 577 2491; x_wconf 82' lang='lat' dir='ltr'><strong>colata,</strong></span> <span class='ocrx_word' id='word_1_150' title='bbox 596 2413 697 2476; x_wconf 82' lang='lat' dir='ltr'><strong>virum</strong></span> <span class='ocrx_word' id='word_1_151' title='bbox 717 2414 914 2476; x_wconf 78' lang='lat' dir='ltr'><strong>amoeuitsimi</strong></span> <span class='ocrx_word' id='word_1_152' title='bbox 939 2414 1075 2498; x_wconf 87' lang='lat' dir='ltr'><strong>ingenii,</strong></span> <span class='ocrx_word' id='word_1_153' title='bbox 1097 2414 1149 2495; x_wconf 80' lang='lat' dir='ltr'><strong>qtti</strong></span> <span class='ocrx_word' id='word_1_154' title='bbox 1167 2433 1294 2474; x_wconf 90' lang='lat' dir='ltr'><strong>omnem</strong></span> <span class='ocrx_word' id='word_1_155' title='bbox 1310 2410 1376 2472; x_wconf 85' lang='lat' dir='ltr'><strong>sere</strong></span> 
     </span>
     <span class='ocr_line' id='line_1_21' title="bbox 302 2517 1374 2603; baseline -0.006 -19"><span class='ocrx_word' id='word_1_156' title='bbox 302 2521 470 2584; x_wconf 81' lang='lat' dir='ltr'><strong>studiorum</strong></span> <span class='ocrx_word' id='word_1_157' title='bbox 479 2521 641 2583; x_wconf 75' lang='lat' dir='ltr'><strong>materiam</strong></span> <span class='ocrx_word' id='word_1_158' title='bbox 649 2521 840 2600; x_wconf 80' lang='lat' dir='ltr'><strong>tractaverit,</strong></span> <span class='ocrx_word' id='word_1_159' title='bbox 856 2521 950 2584; x_wconf 88' lang='lat' dir='ltr'><strong>talem</strong></span> <span class='ocrx_word' id='word_1_160' title='bbox 960 2521 1065 2584; x_wconf 82' lang='lat' dir='ltr'><strong>ludum</strong></span> <span class='ocrx_word' id='word_1_161' title='bbox 1077 2519 1211 2584; x_wconf 81' lang='lat' dir='ltr'><strong>scribere</strong></span> <span class='ocrx_word' id='word_1_162' title='bbox 1222 2517 1374 2603; x_wconf 71' lang='lat' dir='ltr'><strong>potuisse:</strong></span> 
     </span>
     <span class='ocr_line' id='line_1_22' title="bbox 302 2623 1376 2713; baseline -0.004 -23"><span class='ocrx_word' id='word_1_163' title='bbox 302 2631 415 2691; x_wconf 87' lang='lat' dir='ltr'><strong>nedum</strong></span> <span class='ocrx_word' id='word_1_164' title='bbox 427 2625 539 2688; x_wconf 85' lang='lat' dir='ltr'><strong>Dionis</strong></span> <span class='ocrx_word' id='word_1_165' title='bbox 555 2623 655 2691; x_wconf 80' lang='lat' dir='ltr'><strong>Cassii</strong></span> <span class='ocrx_word' id='word_1_166' title='bbox 665 2627 872 2690; x_wconf 80' lang='lat' dir='ltr'><strong>testimouium</strong></span> <span class='ocrx_word' id='word_1_167' title='bbox 885 2628 1015 2713; x_wconf 80' lang='lat' dir='ltr'><strong>amplius</strong></span> <span class='ocrx_word' id='word_1_168' title='bbox 1032 2647 1177 2711; x_wconf 84' lang='lat' dir='ltr'><strong>mgeam,</strong></span> <span class='ocrx_word' id='word_1_169' title='bbox 1194 2625 1247 2709; x_wconf 85' lang='lat' dir='ltr'><strong>qui</strong></span> <span class='ocrx_word' id='word_1_170' title='bbox 1268 2637 1376 2709; x_wconf 86' lang='lat' dir='ltr'><strong>aperte</strong></span> 
     </span>
     <span class='ocr_line' id='line_1_23' title="bbox 304 2729 1378 2820; baseline -0.007 -22"><span class='ocrx_word' id='word_1_171' title='bbox 304 2757 375 2798; x_wconf 85' lang='lat' dir='ltr'><strong>cum</strong></span> <span class='ocrx_word' id='word_1_172' title='bbox 392 2735 436 2796; x_wconf 87' lang='lat' dir='ltr'><strong>ait</strong></span> <span class='ocrx_word' id='word_1_173' title='bbox 452 2747 584 2820; x_wconf 75' lang='lat' dir='ltr'><strong>satyram</strong></span> <span class='ocrx_word' id='word_1_174' title='bbox 598 2733 631 2795; x_wconf 88' lang='lat' dir='ltr'><strong>iu</strong></span> <span class='ocrx_word' id='word_1_175' title='bbox 641 2729 803 2798; x_wconf 82' lang='lat' dir='ltr'><strong>Claudium</strong></span> <span class='ocrx_word' id='word_1_176' title='bbox 820 2734 1037 2818; x_wconf 72' lang='lat' dir='ltr'><strong>composuisse.</strong></span> <span class='ocrx_word' id='word_1_177' title='bbox 1049 2731 1191 2814; x_wconf 83' lang='lat' dir='ltr'><strong>Denique</strong></span> <span class='ocrx_word' id='word_1_178' title='bbox 1205 2733 1244 2794; x_wconf 86' lang='lat' dir='ltr'><strong>‹le</strong></span> <span class='ocrx_word' id='word_1_179' title='bbox 1255 2729 1378 2792; x_wconf 76' lang='lat' dir='ltr'><strong>obsutu-</strong></span> 
     </span>
     <span class='ocr_line' id='line_1_24' title="bbox 303 2837 1378 2920; baseline -0.002 -18"><span class='ocrx_word' id='word_1_180' title='bbox 303 2841 350 2902; x_wconf 89' lang='lat' dir='ltr'><strong>uis</strong></span> <span class='ocrx_word' id='word_1_181' title='bbox 363 2861 425 2902; x_wconf 93' lang='lat' dir='ltr'><strong>uon</strong></span> <span class='ocrx_word' id='word_1_182' title='bbox 444 2839 525 2901; x_wconf 87' lang='lat' dir='ltr'><strong>idem</strong></span> <span class='ocrx_word' id='word_1_183' title='bbox 548 2860 585 2902; x_wconf 89' lang='lat' dir='ltr'><strong>ac</strong></span> <span class='ocrx_word' id='word_1_184' title='bbox 602 2859 661 2901; x_wconf 87' lang='lat' dir='ltr'><strong>noa</strong></span> <span class='ocrx_word' id='word_1_185' title='bbox 677 2842 805 2902; x_wconf 63' lang='lat' dir='ltr'><strong>acuente</strong></span> <span class='ocrx_word' id='word_1_186' title='bbox 824 2855 963 2917; x_wconf 82' lang='lat' dir='ltr'><strong>veteres,</strong></span> <span class='ocrx_word' id='word_1_187' title='bbox 986 2837 1074 2905; x_wconf 83' lang='lat' dir='ltr'><strong>docet</strong></span> <span class='ocrx_word' id='word_1_188' title='bbox 1095 2840 1181 2903; x_wconf 72' lang='lat' dir='ltr'><strong>locut</strong></span> <span class='ocrx_word' id='word_1_189' title='bbox 1197 2837 1378 2920; x_wconf 70' lang='lat' dir='ltr'><strong>Quintiliani</strong></span> 
     </span>
     <span class='ocr_line' id='line_1_25' title="bbox 304 2943 1381 3031; baseline -0.002 -23"><span class='ocrx_word' id='word_1_190' title='bbox 304 2945 370 3025; x_wconf 87' lang='lat' dir='ltr'><strong>vl,</strong></span> <span class='ocrx_word' id='word_1_191' title='bbox 386 2943 422 3022; x_wconf 85' lang='lat'><strong>3,</strong></span> <span class='ocrx_word' id='word_1_192' title='bbox 443 2969 491 3031; x_wconf 84' lang='lat'><strong>²9·</strong></span> <span class='ocrx_word' id='word_1_193' title='bbox 505 2943 568 3008; x_wconf 78' lang='lat' dir='ltr'><strong>seo</strong></span> <span class='ocrx_word' id='word_1_194' title='bbox 582 2964 644 3006; x_wconf 88' lang='lat' dir='ltr'><strong>non</strong></span> <span class='ocrx_word' id='word_1_195' title='bbox 661 2949 822 3010; x_wconf 81' lang='lat' dir='ltr'><strong>tacendum</strong></span> <span class='ocrx_word' id='word_1_196' title='bbox 840 2962 904 3026; x_wconf 81' lang='lat' dir='ltr'><strong>est,</strong></span> <span class='ocrx_word' id='word_1_197' title='bbox 927 2949 1023 3011; x_wconf 83' lang='lat' dir='ltr'><strong>virum</strong></span> <span class='ocrx_word' id='word_1_198' title='bbox 1038 2948 1168 3010; x_wconf 81' lang='lat' dir='ltr'><strong>atuicist.</strong></span> <span class='ocrx_word' id='word_1_199' title='bbox 1185 2947 1251 3010; x_wconf 73' lang='lat' dir='ltr'><strong>hac</strong></span> <span class='ocrx_word' id='word_1_200' title='bbox 1266 2945 1381 3031; x_wconf 82' lang='lat' dir='ltr'><strong>perli-</strong></span> 
     </span>
     <span class='ocr_line' id='line_1_26' title="bbox 304 3050 1378 3140; baseline 0 -26"><span class='ocrx_word' id='word_1_201' title='bbox 304 3067 386 3114; x_wconf 82' lang='lat' dir='ltr'><strong>tcras</strong></span> <span class='ocrx_word' id='word_1_202' title='bbox 394 3072 516 3114; x_wconf 82' lang='lat' dir='ltr'><strong>mectmt</strong></span> <span class='ocrx_word' id='word_1_203' title='bbox 524 3052 796 3115; x_wconf 84' lang='lat' dir='ltr'><strong>communicantem</strong></span> <span class='ocrx_word' id='word_1_204' title='bbox 811 3054 931 3140; x_wconf 87' lang='lat' dir='ltr'><strong>egregie</strong></span> <span class='ocrx_word' id='word_1_205' title='bbox 943 3053 1032 3116; x_wconf 85' lang='lat' dir='ltr'><strong>simul</strong></span> <span class='ocrx_word' id='word_1_206' title='bbox 1045 3053 1218 3130; x_wconf 73' lang='lat' dir='ltr'><strong>monuisse,</strong></span> <span class='ocrx_word' id='word_1_207' title='bbox 1233 3073 1267 3115; x_wconf 79' lang='lat' dir='ltr'><strong>se</strong></span> <span class='ocrx_word' id='word_1_208' title='bbox 1279 3050 1378 3136; x_wconf 84' lang='lat' dir='ltr'><strong>probe</strong></span> 
     </span>
     <span class='ocr_line' id='line_1_27' title="bbox 306 3155 1379 3244; baseline -0.002 -24"><span class='ocrx_word' id='word_1_209' title='bbox 306 3157 489 3241; x_wconf 90' lang='lat' dir='ltr'><strong>intelligere,</strong></span> <span class='ocrx_word' id='word_1_210' title='bbox 501 3157 654 3240; x_wconf 87' lang='lat' dir='ltr'><strong>ingenimn</strong></span> <span class='ocrx_word' id='word_1_211' title='bbox 666 3155 706 3218; x_wconf 86' lang='lat' dir='ltr'><strong>L.</strong></span> <span class='ocrx_word' id='word_1_212' title='bbox 717 3157 826 3222; x_wconf 78' lang='lat' dir='ltr'><strong>Annaei</strong></span> <span class='ocrx_word' id='word_1_213' title='bbox 834 3158 959 3223; x_wconf 64' lang='lat' dir='ltr'><strong>seneca</strong></span> <span class='ocrx_word' id='word_1_214' title='bbox 969 3171 1033 3220; x_wconf 90' lang='lat' dir='ltr'><strong>tam</strong></span> <span class='ocrx_word' id='word_1_215' title='bbox 1043 3160 1201 3244; x_wconf 78' lang='lat' dir='ltr'><strong>copiosum</strong></span> <span class='ocrx_word' id='word_1_216' title='bbox 1217 3171 1247 3220; x_wconf 88' lang='lat' dir='ltr'><strong>et</strong></span> <span class='ocrx_word' id='word_1_217' title='bbox 1258 3157 1379 3220; x_wconf 81' lang='lat' dir='ltr'><strong>varium</strong></span> 
     </span>
     <span class='ocr_line' id='line_1_28' title="bbox 307 3261 1380 3350; baseline 0.001 -25"><span class='ocrx_word' id='word_1_218' title='bbox 307 3276 372 3325; x_wconf 91' lang='lat' dir='ltr'><strong>tum</strong></span> <span class='ocrx_word' id='word_1_219' title='bbox 389 3261 472 3323; x_wconf 87' lang='lat' dir='ltr'><strong>varia</strong></span> <span class='ocrx_word' id='word_1_220' title='bbox 490 3264 638 3344; x_wconf 83' lang='lat' dir='ltr'><strong>prodere,</strong></span> <span class='ocrx_word' id='word_1_221' title='bbox 657 3277 722 3325; x_wconf 89' lang='lat' dir='ltr'><strong>tmu</strong></span> <span class='ocrx_word' id='word_1_222' title='bbox 740 3265 858 3327; x_wconf 81' lang='lat' dir='ltr'><strong>variam</strong></span> <span class='ocrx_word' id='word_1_223' title='bbox 877 3265 938 3327; x_wconf 80' lang='lat' dir='ltr'><strong>suis</strong></span> <span class='ocrx_word' id='word_1_224' title='bbox 961 3266 1080 3350; x_wconf 78' lang='lat' dir='ltr'><strong>scriptis</strong></span> <span class='ocrx_word' id='word_1_225' title='bbox 1099 3265 1233 3328; x_wconf 79' lang='lat' dir='ltr'><strong>sormam</strong></span> <span class='ocrx_word' id='word_1_226' title='bbox 1253 3264 1380 3327; x_wconf 84' lang='lat' dir='ltr'><strong>iuduere</strong></span> 
     </span>
     <span class='ocr_line' id='line_1_29' title="bbox 308 3369 1383 3456; baseline 0.002 -24"><span class='ocrx_word' id='word_1_227' title='bbox 308 3369 456 3455; x_wconf 78' lang='lat' dir='ltr'><strong>potuisse,</strong></span> <span class='ocrx_word' id='word_1_228' title='bbox 470 3390 527 3432; x_wconf 90' lang='lat' dir='ltr'><strong>nec</strong></span> <span class='ocrx_word' id='word_1_229' title='bbox 546 3389 603 3430; x_wconf 82' lang='lat' dir='ltr'><strong>nos</strong></span> <span class='ocrx_word' id='word_1_230' title='bbox 623 3370 694 3431; x_wconf 82' lang='lat' dir='ltr'><strong>tatis</strong></span> <span class='ocrx_word' id='word_1_231' title='bbox 714 3385 800 3432; x_wconf 89' lang='lat' dir='ltr'><strong>caute</strong></span> <span class='ocrx_word' id='word_1_232' title='bbox 811 3392 831 3432; x_wconf 87' lang='lat' dir='ltr'><strong>a</strong></span> <span class='ocrx_word' id='word_1_233' title='bbox 849 3371 969 3456; x_wconf 76' lang='lat' dir='ltr'><strong>scriptia</strong></span> <span class='ocrx_word' id='word_1_234' title='bbox 987 3375 1067 3455; x_wconf 84' lang='lat' dir='ltr'><strong>ejut,</strong></span> <span class='ocrx_word' id='word_1_235' title='bbox 1084 3394 1151 3455; x_wconf 73' lang='lat' dir='ltr'><strong>quae</strong></span> <span class='ocrx_word' id='word_1_236' title='bbox 1164 3371 1303 3450; x_wconf 87' lang='lat' dir='ltr'><strong>terimus,</strong></span> <span class='ocrx_word' id='word_1_237' title='bbox 1317 3373 1383 3435; x_wconf 91' lang='lat' dir='ltr'><strong>col-</strong></span> 
     </span>
     <span class='ocr_line' id='line_1_30' title="bbox 309 3475 1380 3563; baseline 0.004 -25"><span class='ocrx_word' id='word_1_238' title='bbox 309 3476 420 3560; x_wconf 86' lang='lat' dir='ltr'><strong>ligere,</strong></span> <span class='ocrx_word' id='word_1_239' title='bbox 436 3475 586 3538; x_wconf 84' lang='lat' dir='ltr'><strong>ludicrum</strong></span> <span class='ocrx_word' id='word_1_240' title='bbox 600 3488 631 3539; x_wconf 91' lang='lat' dir='ltr'><strong>et</strong></span> <span class='ocrx_word' id='word_1_241' title='bbox 649 3475 781 3540; x_wconf 81' lang='lat' dir='ltr'><strong>lacetmn</strong></span> <span class='ocrx_word' id='word_1_242' title='bbox 796 3477 945 3541; x_wconf 79' lang='lat' dir='ltr'><strong>scribendi</strong></span> <span class='ocrx_word' id='word_1_243' title='bbox 956 3500 1051 3563; x_wconf 86' lang='lat' dir='ltr'><strong>genus</strong></span> <span class='ocrx_word' id='word_1_244' title='bbox 1068 3479 1096 3541; x_wconf 91' lang='lat' dir='ltr'><strong>ei</strong></span> <span class='ocrx_word' id='word_1_245' title='bbox 1106 3499 1169 3540; x_wconf 89' lang='lat' dir='ltr'><strong>nou</strong></span> <span class='ocrx_word' id='word_1_246' title='bbox 1181 3479 1380 3553; x_wconf 78' lang='lat' dir='ltr'><strong>successisse,</strong></span> 
     </span>
    </p>
   </div>
   <div class='ocr_carea' id='block_1_4' title="bbox 309 3581 1384 3991">
    <p class='ocr_par' dir='ltr' id='par_1_4' title="bbox 309 3581 1384 3880">
     <span class='ocr_line' id='line_1_31' title="bbox 309 3581 1382 3670; baseline 0.006 -27"><span class='ocrx_word' id='word_1_247' title='bbox 309 3581 477 3668; x_wconf 66' lang='lat' dir='ltr'><strong>prasertim</strong></span> <span class='ocrx_word' id='word_1_248' title='bbox 497 3603 591 3664; x_wconf 81' lang='lat' dir='ltr'><strong>quum</strong></span> <span class='ocrx_word' id='word_1_249' title='bbox 613 3596 644 3644; x_wconf 93' lang='lat' dir='ltr'><strong>et</strong></span> <span class='ocrx_word' id='word_1_250' title='bbox 666 3583 778 3646; x_wconf 81' lang='lat' dir='ltr'><strong>diversi</strong></span> <span class='ocrx_word' id='word_1_251' title='bbox 801 3585 896 3647; x_wconf 80' lang='lat' dir='ltr'><strong>aetatis</strong></span> <span class='ocrx_word' id='word_1_252' title='bbox 920 3587 992 3647; x_wconf 90' lang='lat' dir='ltr'><strong>anni</strong></span> <span class='ocrx_word' id='word_1_253' title='bbox 1019 3599 1050 3648; x_wconf 87' lang='lat' dir='ltr'><strong>et</strong></span> <span class='ocrx_word' id='word_1_254' title='bbox 1071 3585 1191 3649; x_wconf 80' lang='lat' dir='ltr'><strong>vivendi</strong></span> <span class='ocrx_word' id='word_1_255' title='bbox 1212 3588 1382 3670; x_wconf 81' lang='lat' dir='ltr'><strong>agendique</strong></span> 
     </span>
     <span class='ocr_line' id='line_1_32' title="bbox 310 3689 1384 3780; baseline 0.007 -29"><span class='ocrx_word' id='word_1_256' title='bbox 310 3690 443 3751; x_wconf 78' lang='lat' dir='ltr'><strong>rationes</strong></span> <span class='ocrx_word' id='word_1_257' title='bbox 456 3689 494 3750; x_wconf 85' lang='lat' dir='ltr'><strong>ad</strong></span> <span class='ocrx_word' id='word_1_258' title='bbox 510 3689 570 3750; x_wconf 89' lang='lat' dir='ltr'><strong>alia</strong></span> <span class='ocrx_word' id='word_1_259' title='bbox 585 3691 688 3752; x_wconf 89' lang='lat' dir='ltr'><strong>omnia</strong></span> <span class='ocrx_word' id='word_1_260' title='bbox 704 3691 799 3754; x_wconf 87' lang='lat' dir='ltr'><strong>talem</strong></span> <span class='ocrx_word' id='word_1_261' title='bbox 817 3693 917 3756; x_wconf 79' lang='lat' dir='ltr'><strong>virum</strong></span> <span class='ocrx_word' id='word_1_262' title='bbox 932 3693 1087 3756; x_wconf 76' lang='lat' dir='ltr'><strong>discedere</strong></span> <span class='ocrx_word' id='word_1_263' title='bbox 1104 3715 1123 3754; x_wconf 87' lang='lat' dir='ltr'><strong>a</strong></span> <span class='ocrx_word' id='word_1_264' title='bbox 1141 3715 1174 3756; x_wconf 85' lang='lat' dir='ltr'><strong>te</strong></span> <span class='ocrx_word' id='word_1_265' title='bbox 1190 3714 1302 3778; x_wconf 88' lang='lat' dir='ltr'><strong>cogere</strong></span> <span class='ocrx_word' id='word_1_266' title='bbox 1312 3717 1384 3780; x_wconf 81' lang='lat' dir='ltr'><strong>pos-</strong></span> 
     </span>
     <span class='ocr_line' id='line_1_33' title="bbox 311 3795 1114 3880; baseline 0.004 -21"><span class='ocrx_word' id='word_1_267' title='bbox 311 3797 390 3874; x_wconf 81' lang='lat' dir='ltr'><strong>tiut,</strong></span> <span class='ocrx_word' id='word_1_268' title='bbox 407 3809 437 3857; x_wconf 87' lang='lat' dir='ltr'><strong>et</strong></span> <span class='ocrx_word' id='word_1_269' title='bbox 449 3795 679 3860; x_wconf 79' lang='lat' dir='ltr'><strong>inconstantiam</strong></span> <span class='ocrx_word' id='word_1_270' title='bbox 692 3800 856 3880; x_wconf 84' lang='lat' dir='ltr'><strong>quamdam</strong></span> <span class='ocrx_word' id='word_1_271' title='bbox 865 3821 970 3863; x_wconf 86' lang='lat' dir='ltr'><strong>creare</strong></span> <span class='ocrx_word' id='word_1_272' title='bbox 985 3799 1114 3863; x_wconf 81' lang='lat' dir='ltr'><strong>valeant</strong></span> 
     </span>
    </p>

    <p class='ocr_par' dir='ltr' id='par_1_5' title="bbox 351 3901 1383 3991">
     <span class='ocr_line' id='line_1_34' title="bbox 351 3901 1383 3991; baseline 0.007 -29"><span class='ocrx_word' id='word_1_273' title='bbox 351 3901 466 3964; x_wconf 75' lang='lat' dir='ltr'><strong>Multus</strong></span> <span class='ocrx_word' id='word_1_274' title='bbox 486 3901 543 3963; x_wconf 81' lang='lat' dir='ltr'><strong>luit</strong></span> <span class='ocrx_word' id='word_1_275' title='bbox 561 3902 716 3984; x_wconf 67' lang='lat' dir='ltr'><strong>Dionysius</strong></span> <span class='ocrx_word' id='word_1_276' title='bbox 744 3905 897 3968; x_wconf 76' lang='lat' dir='ltr'><strong>Drilaerotns</strong></span> <span class='ocrx_word' id='word_1_277' title='bbox 912 3919 945 3984; x_wconf 87' lang='lat'><strong>¹,</strong></span> <span class='ocrx_word' id='word_1_278' title='bbox 971 3928 1064 3989; x_wconf 79' lang='lat' dir='ltr'><strong>quum</strong></span> <span class='ocrx_word' id='word_1_279' title='bbox 1090 3907 1186 3991; x_wconf 86' lang='lat' dir='ltr'><strong>magis</strong></span> <span class='ocrx_word' id='word_1_280' title='bbox 1215 3909 1383 3990; x_wconf 79' lang='lat' dir='ltr'><strong>optandtnn</strong></span> 
     </span>
    </p>
   </div>
   <div class='ocr_carea' id='block_1_5' title="bbox 313 4055 1380 4226">
    <p class='ocr_par' dir='ltr' id='par_1_6' title="bbox 313 4055 1380 4226">
     <span class='ocr_line' id='line_1_35' title="bbox 346 4055 1380 4133; baseline 0.005 -24"><span class='ocrx_word' id='word_1_281' title='bbox 346 4061 355 4090; x_wconf 85' lang='lat'>¹</span> <span class='ocrx_word' id='word_1_282' title='bbox 368 4057 408 4110; x_wconf 85' lang='lat' dir='ltr'><strong>Cl.</strong></span> <span class='ocrx_word' id='word_1_283' title='bbox 421 4057 473 4130; x_wconf 74' lang='lat' dir='ltr'><strong>ejus</strong></span> <span class='ocrx_word' id='word_1_284' title='bbox 483 4055 569 4110; x_wconf 82' lang='lat' dir='ltr'><strong>Etsai</strong></span> <span class='ocrx_word' id='word_1_285' title='bbox 577 4077 624 4110; x_wconf 83' lang='lat' dir='ltr'><strong>sur</strong></span> <span class='ocrx_word' id='word_1_286' title='bbox 631 4061 668 4110; x_wconf 86' lang='lat' dir='ltr'><strong>les</strong></span> <span class='ocrx_word' id='word_1_287' title='bbox 679 4057 781 4128; x_wconf 68' lang='lat' dir='ltr'><strong>Riguus</strong></span> <span class='ocrx_word' id='word_1_288' title='bbox 794 4062 826 4114; x_wconf 83' lang='lat' dir='ltr'><strong>de</strong></span> <span class='ocrx_word' id='word_1_289' title='bbox 835 4061 936 4114; x_wconf 80' lang='lat' dir='ltr'><strong>Claude</strong></span> <span class='ocrx_word' id='word_1_290' title='bbox 944 4072 971 4114; x_wconf 80' lang='lat' dir='ltr'><strong>et</strong></span> <span class='ocrx_word' id='word_1_291' title='bbox 979 4065 1011 4114; x_wconf 84' lang='lat' dir='ltr'><strong>de</strong></span> <span class='ocrx_word' id='word_1_292' title='bbox 1021 4061 1109 4114; x_wconf 84' lang='lat' dir='ltr'><strong>Ne&#39;ron</strong></span> <span class='ocrx_word' id='word_1_293' title='bbox 1120 4099 1127 4126; x_wconf 90' lang='lat'><strong>,</strong></span> <span class='ocrx_word' id='word_1_294' title='bbox 1142 4073 1187 4112; x_wconf 83' lang='lat' dir='ltr'><strong>etc.</strong></span> <span class='ocrx_word' id='word_1_295' title='bbox 1201 4059 1249 4112; x_wconf 85' lang='lat' dir='ltr'><strong>To.</strong></span> <span class='ocrx_word' id='word_1_296' title='bbox 1258 4061 1272 4112; x_wconf 92' lang='lat' dir='ltr'><strong>l</strong></span> <span class='ocrx_word' id='word_1_297' title='bbox 1282 4099 1290 4126; x_wconf 90' lang='lat'><strong>,</strong></span> <span class='ocrx_word' id='word_1_298' title='bbox 1301 4061 1317 4133; x_wconf 71' lang='lat' dir='ltr'>S</span> <span class='ocrx_word' id='word_1_299' title='bbox 1332 4061 1380 4126; x_wconf 80' lang='lat'><strong>36,</strong></span> 
     </span>
     <span class='ocr_line' id='line_1_36' title="bbox 313 4147 1219 4226; baseline 0.003 -27"><span class='ocrx_word' id='word_1_300' title='bbox 313 4165 350 4218; x_wconf 79' lang='lat' dir='ltr'><strong>tq.</strong></span> <span class='ocrx_word' id='word_1_301' title='bbox 360 4149 407 4200; x_wconf 84' lang='lat' dir='ltr'><strong>To.</strong></span> <span class='ocrx_word' id='word_1_302' title='bbox 418 4147 460 4215; x_wconf 88' lang='lat' dir='ltr'><strong>ll,</strong></span> <span class='ocrx_word' id='word_1_303' title='bbox 472 4149 487 4218; x_wconf 70' lang='grc' dir='ltr'>ς</span> <span class='ocrx_word' id='word_1_304' title='bbox 498 4150 539 4222; x_wconf 67' lang='grc'><strong>94.</strong></span> <span class='ocrx_word' id='word_1_305' title='bbox 552 4147 636 4216; x_wconf 80' lang='lat' dir='ltr'><strong>(Quot</strong></span> <span class='ocrx_word' id='word_1_306' title='bbox 647 4147 716 4203; x_wconf 73' lang='lat' dir='ltr'><strong>locos</strong></span> <span class='ocrx_word' id='word_1_307' title='bbox 726 4151 897 4226; x_wconf 72' lang='lat' dir='ltr'><strong>exscripsimus</strong></span> <span class='ocrx_word' id='word_1_308' title='bbox 906 4152 938 4206; x_wconf 87' lang='lat' dir='ltr'><strong>atl</strong></span> <span class='ocrx_word' id='word_1_309' title='bbox 950 4153 1025 4224; x_wconf 75' lang='lat' dir='ltr'><strong>hujus</strong></span> <span class='ocrx_word' id='word_1_310' title='bbox 1034 4153 1093 4206; x_wconf 88' lang='lat' dir='ltr'><strong>libri</strong></span> <span class='ocrx_word' id='word_1_311' title='bbox 1103 4153 1219 4221; x_wconf 81' lang='lat' dir='ltr'><strong>calcem).</strong></span> 
     </span>
    </p>
   </div>
   <div class='ocr_carea' id='block_1_6' title="bbox 0 0 1519 4948">
    <p class='ocr_par' dir='ltr' id='par_1_7' title="bbox 0 0 1519 4948">
     <span class='ocr_line' id='line_1_37' title="bbox 0 0 1519 4948; baseline 0 0"><span class='ocrx_word' id='word_1_312' title='bbox 0 0 1519 4948; x_wconf 95' lang='lat' dir='ltr'><strong> </strong></span> 
     </span>
    </p>
   </div>
  </div>
 </body>
</html>
