2966 4948
327 463 393 548 xor
489 459 558 526 nn
582 457 775 528 uonrn
799 456 1020 526 coinon
1043 453 1233 525 tonos.

325 590 570 682 qualiscunque
581 606 650 670 eet,
662 586 800 682 quidde
814 589 913 656 nobie
924 587 1128 656 existimabit
1140 587 1228 656 illio
1239 587 1394 669 dimisso,

323 707 454 798 primus
483 707 715 798 interrogatur
740 705 942 772 sententiam
967 707 1072 773 Ianus
1099 719 1222 796 pater:
1252 705 1281 770 io
1300 703 1396 770 deei-

325 835 447 912 gnntua
468 834 542 886 erat
564 820 600 885 in
617 817 695 886 Knl.
715 817 824 886 Iuliae
841 817 1126 911 postmeridianus
1144 819 1221 884 Coo.
1239 821 1270 899 ¹,
1292 817 1395 883 bomo

324 937 539 1028 quantumvis
562 934 658 1002 vafer
671 939 703 1017 ²,
729 936 790 1026 qni
815 959 950 1027 semper
976 934 1071 1002 videt
1094 934 1161 1030 ἆρα
1184 931 1320 1030 πρόσσω
1343 934 1394 1004 καὶ

285 1091 300 1124 2
325 1041 490 1124 ὄπίσσωῖ
507 1052 541 1118 lo
560 1049 665 1117 mnltn
678 1047 825 1132 diserte,
850 1048 942 1142 quod
965 1052 1002 1117 in
1026 1050 1100 1118 loro
1125 1045 1263 1130 rivnt⁴,
1283 1049 1391 1130 dixit,

325 1191 401 1259 quae
420 1166 571 1236 notarius
586 1160 598 1202 ⁵
617 1168 777 1258 persequi
794 1191 864 1234 non
877 1169 1009 1260 potuit:
1026 1183 1061 1235 et
1077 1166 1155 1234 ideo
1170 1191 1238 1236 non
1256 1168 1392 1236 refero:

326 1310 370 1353 ne
382 1285 459 1352 aliis
473 1284 587 1352 verbio
598 1307 739 1376 ponam,
756 1307 833 1376 quae
845 1285 889 1351 ab
907 1285 965 1352 illo
978 1283 1069 1352 dicto
1082 1302 1173 1354 sunt.
1187 1285 1296 1352 Multa
1309 1283 1395 1352 dixit

324 1401 367 1470 de
389 1400 625 1494 magnitudine
643 1400 810 1468 deornm:
837 1424 906 1468 non
929 1399 1057 1468 debere
1075 1401 1168 1468 hunc
1189 1401 1293 1493 vulgo
1317 1399 1393 1467 dari

323 1517 500 1585 honorem.
530 1515 641 1598 Olim,
665 1516 799 1608 inquit,
827 1539 950 1608 magna
968 1539 1023 1583 ree
1040 1532 1136 1598 erat,
1164 1515 1265 1584 deum
1285 1517 1388 1583 fieri:

319 1634 388 1724 jam
409 1633 496 1699 sama
510 1625 707 1699 minimum‘
724 1632 885 1700 fecistiol.
901 1632 1021 1723 Itaque
1034 1656 1077 1700 ne
1092 1631 1209 1698 ridear
1222 1633 1258 1698 in
1272 1655 1390 1724 pereo-

296 1773 421 1830 ·nam,
446 1773 515 1816 non
537 1751 572 1815 in
593 1772 664 1815 rem
686 1749 888 1815 sententiam
913 1747 1051 1832 dicere,
1077 1773 1222 1830 censeo,
1249 1773 1295 1815 ne
1315 1750 1393 1840 quie

322 1863 511 1956 posthunc
540 1864 629 1932 diem
659 1862 742 1932 dens
764 1863 825 1930 liat
850 1887 891 1931 ex
916 1862 992 1943 hie,
1023 1865 1083 1954 qui
1114 1863 1246 1965 ἆρσῦργς
1269 1861 1392 1960 καρπὸν

285 1997 301 2050 ³
322 1977 440 2052 ἔδουσιν
457 2003 464 2043 :
478 1995 536 2046 aut
550 2003 590 2046 ex
603 1979 669 2060 hie,
689 2003 773 2069 quoe
786 1973 871 2045 alit⁸
890 1975 1037 2076 ζεῶωρος
1051 1979 1172 2078 ἄρουρα
1182 1985 1208 2048 ⁹.
1221 1982 1294 2072 Qui
1310 2007 1391 2049 con-

357 2201 830 2271 1.1sde513mrus.....conw1.suffee·
879 2203 958 2256 xidieo
977 2203 1068 2257 melius
1084 2207 1202 2258 estoioat
1219 2223 1297 2276 quam
1307 2209 1390 2272 joint.

320 2293 359 2332 tux
368 2281 450 2351 itaque
458 2293 517 2334 erat.
524 2278 828 2353 Ridiculelingitaoetor,
912 2285 936 2336 S.
955 2282 1090 2334 Notarius.
1110 2281 1154 2334 Est
1165 2287 1331 2351 ταχηράφος,
1346 2282 1390 2351 qni

320 2380 378 2413 enm
393 2359 467 2412 initae
486 2359 600 2412 dantium
617 2361 711 2414 foenori
726 2373 750 2413 et
766 2361 830 2413 aeci·
879 2359 999 2413 adhibitis
1015 2360 1081 2411 notis
1096 2359 1113 2411 i.
1125 2381 1146 2412 e.
1159 2380 1250 2412 vocum
1265 2379 1388 2432 compen·

320 2439 462 2514 pientium,
476 2441 520 2509 qui
530 2441 558 2492 in
566 2441 622 2493 loro
633 2441 751 2492 Romano
763 2439 829 2492 eirca
879 2439 928 2492 diix
937 2439 1071 2492 celerrime
1081 2439 1196 2510 quamvis
1208 2437 1339 2507 loquentis
1348 2457 1391 2489 vo·

319 2523 416 2574 Jannm
428 2541 556 2574 xnmmnm
566 2560 574 2587 ,
586 2520 699 2572 medinm
714 2531 739 2570 et
750 2519 830 2570 imnm
879 2537 934 2570 eetn
946 2519 1057 2592 excipere
1065 2531 1147 2590 postet
1155 2555 1162 2578 ,
1170 2530 1237 2569 recte
1247 2516 1388 2587 explicante

321 2599 427 2664 (Horat.
437 2599 500 2671 Epp.
512 2598 541 2664 l,
557 2617 579 2667 x,
592 2601 623 2664 54
636 2597 696 2668 ihiq.
710 2595 829 2662 Bentlei.)
877 2597 1003 2650 Gexxnero
1014 2597 1046 2650 ad
1058 2596 1125 2649 Plin.
1138 2597 1200 2670 Epp.
1212 2597 1262 2662 lll,
1275 2599 1300 2659 5,
1316 2599 1355 2647 15.

319 2695 357 2728 rex
368 2696 425 2729 euax
436 2688 558 2748 agerent,
570 2673 701 2728 consulem
712 2673 829 2744 designa-
909 2675 933 2728 h.
941 2676 1036 2734 ,Fama
1052 2678 1191 2726 minimum
1208 2687 1245 2725 ext
1262 2672 1389 2724 Promon-

318 2769 371 2808 tnm
383 2755 607 2830 postmeridianum
617 2793 624 2815 ,
635 2751 775 2824 pmidem·
786 2750 828 2801 Jo-
876 2754 903 2808 di
913 2754 1071 2824 tliornmqne
1080 2752 1238 2815 emendatio,
1247 2750 1387 2821 qnaeeodd.

319 2847 452 2886 cuxantem
463 2833 731 2885 manitescnseozmm
740 2847 827 2880 menxe
876 2831 978 2884 lectioni
992 2848 999 2884 ε
1005 2832 1088 2900 sarno
1101 2833 1213 2882 nimium
1229 2828 1387 2900 preferenda

318 2911 389 2964 Julio
402 2923 472 2964 erant
484 2911 567 2970 leriae,
586 2921 677 2980 etpost
694 2907 827 2960 meridiem
877 2922 936 2960 erat.
958 2909 1096 2962 llhenanns
1117 2907 1199 2959 voluit
1214 2923 1223 2956 ε
1233 2907 1321 2976 suerro
1339 2911 1389 2956 nti-

318 2989 389 3042 nolln
401 2989 502 3060 negotia
514 2986 554 3060 egi
566 2985 639 3038 solita
652 2997 720 3036 xnnt.
875 2988 1026 3056 momseeit,
1036 2987 1082 3039 i.e.
1090 2985 1227 3038 ridiculum
1235 2985 1385 3036 etlndontm

352 3085 375 3119 x.
389 3065 479 3118 Homo
490 3065 656 3135 quantumvis
666 3063 749 3138 mser·
761 3061 828 3112 Sica
876 3066 1032 3118 tcenieomm
1043 3076 1230 3135 argumentum.
1242 3063 1328 3114 Etiam
1338 3067 1387 3113 mi·

317 3143 396 3195 Recto
416 3143 499 3194 llhcn.
521 3153 545 3194 et
567 3139 665 3192 Alciato
684 3139 826 3190 restitutum
875 3148 971 3195 micum
982 3142 1087 3215 proponi
1100 3140 1233 3212 poterat,i
1252 3152 1335 3212 turpe.

317 3235 353 3275 ext
364 3261 371 3283 ,
390 3222 511 3295 'trohante
527 3220 675 3274 Fromondo
687 3232 711 3271 et
721 3219 825 3289 reliqnix
907 3220 1120 3283 7.Fecis!iscodd.
1128 3219 1201 3272 dant:
1209 3217 1286 3270 etiam
1296 3219 1387 3270 Schel'·

317 3301 374 3352 edd.
397 3299 478 3352 Codd.
498 3313 582 3352 temen
600 3316 688 3350 omnes
705 3307 730 3347 et
747 3296 824 3347 editio
873 3295 1384 3370 fer.praetulitcp“seci!:qnietiamemend.

315 3399 380 3432 rom.
392 3390 508 3451 praextant
523 3395 530 3430 :
542 3379 567 3430 b.
577 3385 703 3446 quantum
714 3378 761 3425 via
773 3393 824 3426 suo
867 3375 1005 3443 jamjam
1016 3377 1098 3426 nimia
1114 3373 1170 3426 dari
1181 3371 1268 3424 voluit
1285 3374 1386 3425 llnetns

310 3457 365 3526 sert
373 3461 420 3525 qui
431 3468 472 3509 :at
483 3457 537 3509 tine
550 3475 633 3508 semu.
645 3453 729 3505 Etiam
741 3454 767 3504 el
779 3451 823 3504 ho·
873 3471 920 3505 em.
932 3451 959 3504 in
969 3450 1035 3504 notix
1046 3469 1103 3503 mxx.
1114 3461 1144 3502 ot
1153 3461 1182 3502 tu
1192 3451 1385 3518 nummse-

315 3553 359 3585 mo
380 3546 520 3605 euxpectnm
542 3547 595 3599 ext,
618 3550 697 3603 quum
721 3530 752 3583 de
774 3529 822 3582 diix
871 3531 938 3582 cisti.

315 3612 446 3666 sermotit.
903 3611 1037 3663 &Auem
1049 3627 1114 3678 quos
1126 3613 1192 3675 utic,
1209 3623 1255 3662 ete.
1267 3609 1330 3662 nec
1350 3608 1383 3661 ob

348 3691 371 3742 3.
384 3679 472 3759 xpm...
486 3693 576 3743 lnlooe
590 3701 625 3742 ext
635 3687 822 3740 hemistichium
870 3689 1035 3761 tautologiam
1041 3702 1161 3759 tanquam
1169 3686 1295 3759 glossema
1303 3686 1382 3738 llein·

314 3769 421 3822 llomeri
434 3769 536 3832 llind.7,
552 3765 754 3838 109,dtPriamo
764 3785 822 3818 sene
870 3768 957 3824 cinxet
971 3766 1115 3818 Schellerus
1129 3765 1221 3817 delent
1235 3764 1286 3817 Sed
1300 3765 1381 3816 Soon-

314 3849 449 3920 prudente,
461 3847 506 3917 qui
522 3845 598 3898 timul
616 3858 673 3897 ante
688 3855 712 3895 et
728 3857 821 3895 retror-
871 3845 951 3918 tagius
964 3858 1035 3898 acute
1054 3845 1165 3908 monuit,
1181 3843 1310 3896 causidico
1327 3857 1381 3895 tau-

314 3943 369 3976 tum
385 3925 461 3977 videt.
478 3925 572 3976 Jannm
589 3935 673 3975 autem
683 3921 821 3974 bifrontem
871 3923 979 3996 tologias
990 3935 1089 3974 amante
1101 3922 1154 3974 haec
1162 3921 1313 3993 dignissima
1321 3940 1380 3972 esse.

315 4003 421 4057 describi
434 4017 457 4057 et
469 4003 533 4078 fingi
544 4016 631 4056 notum
644 4013 689 4054 est.
903 4021 927 4067 9.
945 3999 1001 4069 Qui
1020 4000 1189 4069 liparim...
1197 4001 1318 4068 ἄρουρα.
1329 4000 1381 4048 No-

348 4081 371 4144 4.
392 4080 474 4134 Vivat
484 4080 549 4134 beno
564 4080 646 4132 hahet.
660 4079 742 4132 Codd.
753 4099 821 4152 pra·
870 4081 889 4132 ti
910 4099 996 4131 versus
1013 4077 1135 4130 homerici
1149 4081 1160 4145 (
1172 4077 1216 4147 qui
1228 4089 1302 4128 tcrrae
1313 4078 1381 4128 irne-

315 4159 373 4210 hent
383 4162 487 4226 :iuuat,
499 4159 567 4212 unde
573 4162 650 4227 juvo!
660 4169 685 4210 et
697 4162 768 4210 υἰυαι
777 4159 822 4210 ic·
870 4171 925 4210 tum
940 4156 1035 4216 edunt,
1051 4170 1075 4208 et
1085 4175 1148 4226 quos
1159 4153 1204 4207 alit
1215 4153 1281 4205 alma
1291 4166 1356 4204 terra
1370 4153 1381 4216 )

315 4255 370 4288 cero
379 4255 449 4306 nque
461 4237 572 4314 proclivo
591 4249 634 4288 eat.
654 4235 704 4288 Sed
716 4235 747 4288 de
757 4256 821 4290 cau-
869 4234 1000 4287 hominem
1012 4229 1382 4305 designanterttantologigni·
