2884 4958
268 436 335 521 dal
599 431 668 502 DE
692 432 996 505 BENEFICIIS

268 590 332 634 neo
344 579 395 632 est
413 563 615 656 perieulum,
637 589 681 634 ne
699 565 831 634 dedisse
847 565 965 634 saillis
983 568 1201 636 mentiantur.
1218 567 1257 634 ln
1275 591 1338 636 cae·

268 682 349 748 teris
369 680 473 772 quaeri
487 677 606 763 debet,
627 705 695 749 non
708 697 835 750 tantum
851 707 895 750 sn
909 685 1119 777 receperint,
1136 683 1257 752 sedan
1272 682 1336 749 de-

268 798 393 866 derint.
416 799 544 878 Hprum
564 799 601 864 iu
619 799 770 875 confesso
786 799 906 866 merita
920 817 1000 867 sunt
1020 826 1027 866 :
1047 816 1082 867 et
1095 801 1175 892 quia
1187 801 1271 868 utile
1286 815 1340 866 est

264 912 435 1004 juventuti
454 912 551 1004 regi,
571 913 789 1004 imposuimus
807 913 857 980 illi
875 916 971 1004 quasi
990 913 1191 983 domesticos
1208 916 1339 1006 magis-

186 1101 187 1104 ,
229 1049 245 1100 3
270 1043 375 1096 tratus
388 1028 483 1109 ¹,sub
505 1051 649 1120 quorum
669 1029 820 1097 custodia
836 1030 1081 1098 contineretur.
1101 1028 1235 1100 Deinde
1258 1052 1338 1096 om-

269 1144 364 1212 nium
382 1156 560 1236 parentum
572 1167 679 1212 unum
691 1158 765 1212 erat
779 1144 1006 1213 beneficium²
1027 1173 1035 1214 ι
1052 1149 1166 1240 itaque
1179 1149 1338 1215 aestimari

271 1259 374 1328 semel
394 1259 526 1352 potuit,
546 1259 612 1326 alia
631 1258 765 1327 diversa
783 1276 883 1340 sunt,
904 1260 1079 1338 dissimilia
1095 1312 1104 1343 ,
1121 1263 1266 1330 infinitis
1282 1263 1341 1329 in-

271 1393 324 1444 ter
342 1400 378 1444 se
395 1374 582 1442 intervallis
602 1375 761 1443 distantia
784 1401 792 1442 ι
813 1377 927 1467 itaque
951 1377 1014 1446 sub
1037 1377 1165 1447 nullam
1184 1378 1339 1471 regulam
1428 1402 1434 1413 ·

271 1492 393 1562 cadere
411 1505 619 1584 potuerunt,
638 1513 743 1581 quum
760 1493 890 1583 aequius
909 1509 996 1560 esset
1014 1495 1126 1562 omnia
1145 1486 1338 1586 ³relinqui,

272 1633 372 1702 quam
392 1608 504 1675 omnia
520 1606 660 1698 aequari.

319 1727 400 1796 ΧΠ.
414 1722 580 1818 Quaedam
592 1747 715 1815 magno
725 1721 883 1792 dantibus
893 1741 1048 1794 constant
1062 1751 1069 1793 :
1082 1707 1238 1818 quaedbm
1253 1727 1345 1794 aeci-

271 1842 444 1938 pientibus
454 1854 676 1932 magnasunt,
689 1838 749 1906 sed
759 1839 905 1930 gratuita
920 1841 1148 1909 tribuentibus
1164 1867 1173 1908 s
1189 1841 1344 1932 quaedam

271 1956 476 2028 amicisdata
492 1971 582 2040 sunt,
593 1953 747 2047 quaedam
758 1955 895 2046 ignotis.
915 1955 995 2023 Plus
1009 1972 1072 2037 est,
1082 1958 1235 2048 quamvis
1253 1956 1345 2024 idem

272 2083 394 2163 detur,
407 2081 434 2147 si
448 2080 481 2146 ei
500 2077 600 2144 detur
615 2099 716 2168 quem
733 2099 830 2142 nosse
844 2099 863 2142 a
877 2091 933 2144 tuo
945 2077 1114 2146 beneficio
1123 2077 1260 2170 incipis.
1280 2079 1346 2146 llic

271 2198 397 2266 auxilia
418 2194 559 2279 tribuit,
580 2191 638 2259 ille
656 2185 901 2274 ornamenta⁴,
922 2192 981 2260 ille
997 2195 1127 2262 solatia.
1155 2195 1343 2274 Invenies,

272 2315 330 2406 qui
349 2311 437 2380 nibil
452 2324 549 2403 putet
563 2331 634 2376 esse
645 2304 844 2400 jucundius,
856 2307 942 2374 nibil
960 2309 1085 2400 majus,
1105 2333 1206 2401 quam
1216 2309 1344 2377 habere

275 2433 311 2500 in
327 2453 394 2522 quo
409 2427 579 2496 calamitas
590 2415 802 2516 acquieseat⁵
823 2449 830 2488 :
848 2423 1000 2492 invenies
1011 2447 1139 2508 rursus,
1153 2427 1214 2517 qui
1230 2423 1346 2518 digni-

277 2551 336 2617 tati
350 2569 436 2626 suae,
455 2567 556 2638 quum
570 2539 765 2621 securitati,
782 2539 910 2607 consuli
926 2541 1020 2608 malit
1047 2568 1055 2606 :
1074 2544 1199 2634 estqui
1219 2543 1298 2635 plus
1311 2545 1344 2610 ei

275 2665 400 2735 debere
415 2658 591 2754 sejudieet
602 2679 777 2751 perquem
788 2655 894 2722 tutior
907 2671 959 2722 est
972 2706 981 2738 ,
1002 2681 1104 2748 quam
1118 2658 1150 2725 ei
1165 2681 1344 2750 perquem

177 2763 179 2768 Ι
274 2780 458 2854 honestior.
475 2772 623 2846 Proinde
636 2773 700 2841 ista
718 2769 844 2866 majora
861 2786 921 2838 aut
939 2773 1071 2841 minora
1093 2789 1218 2856 eruut,
1243 2792 1344 2866 prout

273 2979 347 3030 Grut.
360 2993 366 3027 :
381 2974 424 3026 alii
436 2972 631 3026 omittnutdant
640 2981 664 3021 st
673 2987 737 3038 qtae,
751 2980 780 3019 ut
826 2971 982 3043 juventutem
999 2989 1092 3041 usque,
1111 2983 1136 3021 et
1152 2968 1342 3042 patrimonium.

272 3053 404 3128 Lipsiani,
420 3051 463 3122 qui
480 3061 564 3102 umen
580 3058 700 3120 suspectae
718 3044 779 3097 fidei
859 3045 883 3098 3.
896 3045 995 3099 Ornnia
1005 3050 1121 3116 relinqui.
1132 3049 1162 3098 ln
1172 3065 1254 3098 vacuo
1263 3058 1305 3098 aut
1313 3047 1339 3098 in

272 3126 780 3197 sune-Benefictaquitus...damrtque
827 3123 935 3190 incerto,
950 3124 992 3176 vel
1004 3125 1024 3176 si
1040 3123 1119 3176 mavis
1132 3122 1222 3176 omnis
1239 3124 1340 3188 omitti,

272 3217 340 3261 sunt.
353 3207 439 3258 Omns
449 3203 568 3276 temporis
580 3201 689 3274 spatium
702 3201 780 3272 igitur
828 3201 912 3253 atrine
921 3201 1337 3274 regula,quatunctsattingantur,

272 3283 463 3358 comprehendit
471 3293 603 3357 parentum
613 3280 711 3343 raritas,
721 3297 780 3353 prae·
830 3276 922 3347 linqui.

272 3365 343 3418 terita
358 3381 460 3434 nempe,
472 3360 605 3432 praesentia
616 3359 740 3410 otiatura.
864 3357 924 3408 ΧΠ.
932 3359 1002 3411 Anu.
1008 3359 1085 3411 Varia
1093 3357 1194 3431 insuper
1202 3357 1338 3412 benefitio·

307 3441 499 3495 evomamus
513 3442 694 3506 magistratus.
714 3433 781 3487 Hinc
831 3453 886 3486 rum
906 3433 1001 3505 genera
1019 3449 1219 3499 enumerantur,
1242 3437 1336 3488 ratione

272 3513 781 3588 Claudiusjuvonsmprobriplanum‚sed
803 3576 805 3591 .
830 3523 988 3582 temporum,
1006 3533 1088 3587 operm
1108 3534 1184 3584 quam
1204 3515 1269 3566 daus
1287 3513 1337 3567 im-

272 3616 348 3668 qusm
359 3606 427 3668 pater
439 3591 640 3663 probatissimum
652 3588 701 3642 sibi
713 3586 781 3640 affir-
830 3589 928 3662 pendit,
937 3591 1053 3643 utilitatis
1063 3611 1137 3662 quam
1147 3591 1275 3665 accipiens
1285 3611 1336 3662 per·

273 3675 371 3736 mabat,
382 3672 436 3724 sino
449 3668 592 3742 ignominia
602 3668 712 3733 dimisit,
725 3667 780 3718 ha·
829 3667 903 3740 cipit,
917 3680 961 3720 etc.
971 3705 979 3733 ,
989 3667 1085 3726 babits,

272 3754 344 3810 bers,
358 3750 458 3812 diceus,
469 3765 596 3802 censuum
609 3764 695 3798 snum.
710 3744 780 3797 Suet.
862 3744 886 3809 4.
898 3745 1114 3798 Ommnento.dd
1123 3743 1336 3818 dignitatem,bo

273 3827 363 3880 Claud.
378 3847 398 3878 e.
414 3825 451 3878 ab.
830 3842 919 3887 nores,
931 3836 976 3875 etc.
987 3835 1106 3897 spectant·
1115 3823 1157 3875 Sic
1171 3821 1263 3875 Cicero
1273 3823 1336 3874 Sext

305 3929 328 3960 a.
348 3906 437 3960 Unum
454 3913 512 3958 erat
525 3903 683 3968 beneficium.
698 3901 779 3952 Unius
831 3904 862 3966 5,
874 3915 1023 3953 ornamenta
1040 3901 1161 3973 equestris
1176 3900 1275 3954 ordinis
1290 3921 1337 3972 ap-

272 3985 372 4058 generis
390 3984 476 4036 omnia
494 3982 547 4033 linc
567 3975 691 4030 beneficia
712 3991 779 4032 sunt.
828 3977 905 4052 pellet
915 3998 1034 4041 censum,
1048 3979 1066 4030 i.
1076 3999 1098 4030 e.
1110 3977 1222 4030 divitias.
1238 3979 1279 4030 Cl.
1293 3979 1338 4029 Er·

273 4064 350 4131 Quod
368 4082 412 4132 per
428 4081 453 4113 se
472 4072 545 4132 patet.
562 4057 628 4108 Nam
646 4064 778 4128 pareutum
829 4055 892 4107 nesti
905 4054 976 4108 Clav.
989 4055 1042 4108 Cic.
1053 4054 1079 4106 h.
1089 4075 1114 4106 v.
1126 4067 1151 4106 et
1163 4055 1273 4108 Ornase.

271 4144 338 4194 dona
347 4141 402 4194 haee
411 4151 470 4193 sunt
480 4179 488 4204 ,
500 4139 550 4191 vita
563 4156 638 4208 quam
652 4135 778 4187 nascendo
861 4134 919 4186 Mn
932 4155 990 4202 qno,
1003 4149 1048 4186 ete.
1055 4135 1128 4205 Apud
1138 4133 1289 4204 quemdum
1298 4153 1336 4186 ca·

272 4219 430 4294 accepimus,
451 4216 534 4276 tultus
558 4227 582 4266 et
602 4212 725 4266 institutio
746 4214 777 4268 ad
826 4210 1334 4276 lumitateconfiuitumolatiuminveniat.
