2966 4948
309 501 377 570 356
641 497 708 564 DE
731 497 1038 566 Barlaamus

309 649 385 712 est,
405 631 604 708 nenessitate
621 628 816 721 grumuima
833 625 978 721 rogandi
997 626 1172 696 liberanda
1189 645 1253 696 est.
1284 623 1377 694 Illud

238 749 241 758 '
310 743 513 813 beneficium
536 742 752 834 jucundum,
786 743 1023 835 vieturnmque
1057 744 1093 810 in
1119 744 1232 810 animo
1259 741 1374 818 scias,

267 890 285 926 s
310 856 403 950 quod
418 855 550 924 obviam
567 855 672 922 venit.
698 855 734 924 si
750 879 820 922 non
843 855 1012 948 contingit
1036 856 1245 948 praevenire,
1274 853 1378 944 plura

311 975 459 1068 rogantis
476 971 577 1040 verba
593 969 836 1040 intercidamus
851 982 884 1052 ¹,
905 995 949 1040 ne
968 973 1076 1066 rogati
1094 969 1296 1040 videamur:
1313 965 1375 1036 sed

309 1091 471 1158 certiores
482 1083 1374 1182 laeti,statimpromittamus,saeturosque²nos,etiam

308 1229 489 1303 antequam
518 1207 835 1302 interpellamur,
861 1209 935 1300 ipsa
966 1207 1181 1275 festinatione
1200 1204 1375 1298 approbe-

310 1354 396 1398 mus.
415 1323 709 1419 Quemadmodum
722 1327 759 1392 in
771 1325 873 1418 aegris
885 1325 1120 1418 opportunitas
1133 1323 1201 1391 eibi
1217 1321 1375 1390 alutaris

309 1461 379 1526 est,
394 1459 430 1512 et
445 1466 534 1536 aqua
549 1442 745 1534 tempestive
762 1439 840 1509 data
856 1439 998 1508 remedii
1013 1439 1122 1508 locum
1137 1438 1285 1508 obtinuit
1300 1463 1309 1503 :
1327 1439 1374 1504 ita

310 1559 463 1652 quamvis
486 1557 560 1625 leve
580 1570 616 1622 et
631 1555 771 1649 vulgare
796 1553 999 1623 beneficium
1018 1555 1080 1636 sit,
1101 1555 1130 1620 si
1143 1569 1267 1646 praesto
1284 1551 1370 1630 fnit,

311 1679 339 1746 si
353 1677 539 1770 proximam
552 1696 722 1764 quamque
740 1673 858 1741 horam
877 1695 945 1740 non
963 1669 1130 1765 perdidit,
1149 1670 1291 1739 multum
1307 1669 1373 1737 sibi

310 1794 448 1887 adjicit,
477 1791 687 1884 gratiamque
716 1790 878 1883 pretiosi,
906 1789 966 1856 sed
983 1789 1065 1856 lenti
1092 1805 1127 1856 et
1152 1787 1212 1856 diu
1235 1787 1374 1880 cogitati

311 1909 461 1978 muneris
479 1906 596 1976 vineit.
617 1905 690 1998 Qui
713 1921 780 1973 tam
802 1921 920 1998 parate
941 1905 1043 1990 lecit,
1065 1928 1135 1972 non
1155 1920 1207 1972 est
1231 1903 1374 1972 dubium

311 2024 396 2116 quio
420 2023 567 2091 libenter
589 2021 700 2090 saciat.
728 2024 848 2114 ltaque
876 2021 971 2090 laetus
996 2021 1096 2104 facit,
1120 2037 1157 2088 et
1176 2017 1290 2087 induit
1306 2016 1374 2085 sihi

312 2137 416 2205 animi
435 2137 487 2203 sui
504 2135 649 2203 vultum.

360 2255 422 2321 111.
444 2253 600 2346 Ingentia
618 2251 840 2344 quorumdam
860 2251 1040 2335 beneficia,
1061 2251 1233 2319 silentium
1248 2265 1308 2316 aut
1327 2247 1375 2314 lo-

313 2366 441 2460 quendi
462 2364 623 2448 tarditas,
642 2367 770 2432 imitata
789 2366 988 2462 gravitatem
1003 2381 1038 2433 et
1054 2366 1375 2445 tristitiam,oor1u-

312 2485 389 2578 pit,
409 2509 513 2576 quum
530 2483 767 2576 promitterent
788 2483 884 2551 vultu
904 2484 1115 2577 negantium.
1141 2483 1281 2572 Quanto
1302 2501 1377 2546 me-

314 2600 380 2668 lius
396 2597 545 2690 adjicere
569 2599 658 2666 bona
681 2597 786 2664 verba
803 2597 905 2664 rebus
931 2596 1050 2676 bonis,
1079 2612 1114 2662 et
1138 2595 1377 2688 praedieatione

312 2715 461 2784 humana
479 2713 697 2804 benignaque
720 2708 955 2778 commendare
973 2733 1049 2802 quae
1073 2712 1242 2800 praestes?
1257 2711 1305 2776 Ut
1322 2706 1377 2774 ille

315 2855 350 2898 se
364 2831 524 2920 uestigat,
544 2824 636 2916 quod
654 2823 782 2892 tardior
795 2826 831 2891 in
844 2825 995 2918 rogando
1014 2825 1078 2892 luit
1088 2819 1124 2907 ⁵,
1143 2823 1286 2916 adjicias
1300 2823 1378 2890 licet

315 2945 513 3014 familiarem
529 2938 702 3031 querelam
718 2966 725 3004 :
750 2968 766 3004 a
781 2942 912 3010 Irascor
923 2941 1004 3022 tibi,
1022 2939 1113 3032 quod
1127 2966 1232 3032 quum
1249 2939 1380 3033 aliquid

317 3057 562 3136 desiderasses,
582 3076 650 3121 non
666 3053 746 3121 olim
760 3057 847 3123 scire
866 3079 919 3124 me
936 3055 1090 3136 voluisti,
1110 3055 1203 3148 quod
1219 3071 1287 3124 tam
1307 3055 1383 3122 dili-

354 3320 374 3354 s.
398 3299 486 3352 Verbo
509 3300 703 3352 intercidamus.
732 3297 824 3351 Gallie.
873 3301 1089 3371 sententiamque
1102 3313 1126 3351 et
1137 3301 1286 3374 opinionem
1306 3300 1381 3353 sltem

316 3375 462 3448 dtursfferlu
473 3379 556 3439 esaie,
576 3386 601 3427 et
623 3375 713 3428 melina
734 3393 828 3442 coupcr
872 3375 911 3428 sui
924 3377 1061 3440 reducere,
1083 3397 1161 3448 quam
1176 3377 1309 3430 celerrime
1324 3377 1382 3429 dato

317 3455 347 3504 la
356 3454 454 3520 parole·
872 3453 1005 3507 beneficio.

353 3549 376 3579 s.
389 3529 527 3581 Facturus.
538 3527 588 3581 ffic
598 3548 643 3600 pro
655 3529 779 3602 preterito
786 3530 825 3581 lu·
906 3530 930 3581 3.
944 3532 981 3584 Ut
991 3534 1036 3584 tlte
1044 3551 1071 3584 se
1077 3537 1198 3600 castiga,
1206 3535 1279 3604 quod
1284 3533 1387 3584 tardior

319 3619 390 3666 turo,
401 3627 446 3676 pro
453 3608 808 3680 [meroesuisseusnrpstnr.
874 3611 902 3660 in
913 3611 1028 3676 rogando
1035 3611 1102 3681 suit.
1121 3611 1230 3683 Egregie
1246 3611 1296 3662 hoc
1312 3609 1384 3663 resti-

353 3686 398 3738 lll.
415 3688 484 3737 Aac.
497 3684 645 3738 Cavendum
661 3685 776 3759 inprimis
793 3705 826 3737 ns
875 3686 921 3737 tuit
943 3687 1018 3738 Grut.
1033 3707 1047 3738 e
1064 3687 1138 3739 codd.
1154 3701 1220 3740 mss-⁴
1230 3689 1305 3752 Piae,
1323 3689 1383 3740 Nes.

321 3762 450 3834 gravitatis
473 3761 653 3835 intempestivae
675 3775 700 3814 et
721 3763 826 3816 tristitie
874 3762 987 3833 aliisque.
1006 3763 1125 3816 Erasmus
1141 3786 1198 3818 cum
1217 3765 1275 3819 aliis
1291 3764 1384 3818 habet:

321 3837 488 3909 nesciocuius
500 3839 616 3912 asperitas
627 3839 731 3912 gratiam
745 3839 827 3892 bene·
875 3845 988 3894 utillum
999 3847 1124 3910 castiges,
1139 3847 1225 3913 qnod,
1238 3857 1284 3896 etc.
1297 3845 1384 3896 luter·

321 3917 532 3988 ficiieorrumpet,
540 3929 564 3970 et
572 3915 693 3970 annuenti
701 3916 828 3991 denegan·
875 3919 951 3992 puori
971 3931 999 3971 nt
1020 3919 1097 3972 habes
1109 3922 1137 3974 in
1147 3935 1230 3988 textu,
1242 3942 1318 3976 sensu
1329 3941 1386 3996 poe·

321 3995 354 4046 tis
366 3994 464 4046 vultum
480 4007 503 4047 et
520 4013 595 4064 rages
606 3996 792 4057 communicen
805 4008 829 4048 et
877 4009 964 4060 cente,
978 4017 1056 4068 quum
1072 4011 1145 4053 entes
1158 4013 1221 4052 esset
1232 4017 1241 4048 .·
1252 4001 1386 4070 υμ...]ιιί1.

323 4071 830 4142 querendum,eialiqusmdescendereed
878 4074 1013 4138 dedititiae,
1026 4089 1072 4129 ete.
1082 4103 1115 4117 -
1126 4077 1195 4130 lnlrs
1204 4097 1226 4130 c.
1240 4079 1279 4144 ιζ,
1292 4076 1323 4130 ³:
1337 4075 1387 4128 rt-

323 4167 407 4220 preces
425 4167 524 4201 neeesss
539 4147 632 4210 suerit,
644 4147 719 4201 illum
735 4149 828 4216 solari,
877 4153 961 4216 derit,
974 4155 1006 4205 de
1018 4173 1060 4215 se,
1082 4175 1134 4208 mn
1147 4155 1230 4206 dense
1255 4165 1386 4224 queram,

324 4221 474 4277 confirmare
488 4226 538 4288 ,ad
548 4225 677 4278 honestem
688 4226 831 4298 superbiam
880 4249 936 4300 que
947 4229 987 4283 liis
999 4231 1093 4286 similia
1103 4232 1229 4284 videntur.
