2966 4948
311 389 374 431 aoo
431 367 498 434 AD
521 372 804 442 POLYBIUM
838 373 1192 445 CONSULATIO.

201 575 204 581 Ι
267 509 282 542 ²
309 511 366 562 tur
382 497 569 588 aequalitas.
591 501 681 570 lllud
700 506 861 595 quoque¹
890 517 922 570 te
948 527 1016 572 nou
1039 501 1386 596 minimum-adjuve-

309 611 374 692 rit,
396 613 424 678 si
445 615 646 706 cogitaveris
665 617 753 686 nihil
772 617 989 712 profuturum
1005 615 1156 686 dolorem
1175 632 1290 700 tuum,
1315 641 1384 684 uec

308 724 360 792 illi
376 751 478 818 quem
495 727 705 818 desiderem,
721 757 786 802 uec
804 733 886 818 sibi;
909 733 1004 802 noles
1020 734 1112 802 cuim
1130 733 1270 828 longum
1287 756 1379 810 esse,

309 841 401 934 quod
424 844 560 914 irritum
585 862 648 915 est.
675 849 760 918 Nam
779 849 808 917 si
826 847 1014 940 quidquam
1033 847 1170 917 tristitie
1190 847 1382 944 profecturi

309 985 447 1041 sumus,
468 986 537 1033 nou
550 987 690 1044 recuso,
712 963 882 1060 quidquid
899 965 1125 1058 lacrymarum
1138 965 1282 1034 fortunae
1296 985 1381 1030 meae
1464 1003 1465 1048 t

309 1077 479 1170 superfuit
490 1073 525 1162 ³,
548 1096 614 1148 tuae
643 1080 799 1149 fundere.
830 1081 1007 1152 Inveniam
1023 1080 1218 1148 etiamnunc
1235 1103 1298 1172 per
1317 1079 1382 1145 hos

309 1193 488 1262 exhaustos
505 1195 577 1286 jam
594 1194 731 1264 fletibus
750 1197 941 1265 domesticis
960 1196 1076 1266 oculos
1091 1189 1104 1238 ⁴
1124 1194 1217 1287 quod
1234 1194 1379 1275 effluat,

270 1311 338 1376 ssi
353 1308 451 1377 modo
463 1308 499 1375 id
513 1309 576 1377 tibi
591 1311 743 1378 stitutum
754 1311 844 1380 bono
858 1327 921 1380 est.
939 1309 1036 1406 Quid
1050 1314 1381 1403 cesssslconqueta-
1464 1371 1465 1376 ,

311 1453 387 1498 mur
406 1478 414 1510 ‚
438 1443 541 1518 atque
563 1427 648 1496 adeo
666 1417 739 1521 ipse
756 1429 846 1496 hanc
863 1429 956 1498 litem
971 1453 1078 1498 meam
1091 1421 1225 1498 seciam⁵
1243 1456 1251 1496 :
1273 1455 1288 1492 s
1309 1428 1382 1494 Ini-
1464 1457 1465 1488 1

311 1545 471 1636 quissima
486 1544 637 1610 omnium
649 1543 781 1636 judicio
800 1543 935 1614 fortuna
947 1596 957 1628 ‚
971 1544 1084 1615 adhuc
1095 1545 1264 1616 videbaris
1281 1546 1381 1613 abeo
1464 1539 1465 1574 ³

311 1663 450 1730 homine
472 1677 505 1728 te
523 1661 754 1743 continuisse,
774 1663 834 1755 qui
853 1687 994 1732 munere
1014 1678 1218 1738 moranum
1235 1687 1379 1733 venera-
1464 1729 1465 1762 i

312 1779 438 1845 tionem
456 1793 651 1870 receperat,
671 1793 730 1860 ut,
753 1776 847 1869 quod
866 1801 944 1846 raro
961 1778 1023 1846 ulli
1041 1780 1227 1872 contingit,
1239 1776 1380 1846 felicitas

271 1915 287 1978 4
313 1892 386 1984 ejus
406 1891 572 1986 <affligeret
593 1892 765 1966 invidiam.
792 1897 880 1963 Ecce
904 1919 982 1964 eum
1007 1893 1162 1964 dolorem
1184 1895 1255 1978 illi,
1279 1918 1380 1986 quen

314 2008 404 2076 salvo
418 2010 550 2094 Caesare
562 2011 718 2103 accipere
731 2011 911 2080 maximum
926 2026 1075 2103 poterat,
1088 2011 1286 2105 impressisti
1298 2005 1312 2046 ⁶
1326 2035 1334 2074 ι
1349 2025 1381 2077 et
1464 2039 1465 2058 ε

315 2147 420 2216 quum
434 2123 521 2191 hene
535 2123 630 2192 illum
644 2122 797 2218 undique
810 2125 1023 2196 circumisses
1038 2129 1070 2208 ⁷,
1085 2125 1282 2194 intellexisti
1294 2125 1380 2193 hanc

316 2257 445 2333 partem
468 2241 697 2310 tautummodo
715 2259 832 2336 patere
855 2243 978 2312 ictibus
1001 2245 1081 2311 tuis.
1109 2242 1205 2334 Quid
1224 2245 1316 2311 enim
1333 2242 1380 2309 illi
1464 2241 1465 2244 ’

316 2355 410 2423 aliud
442 2357 597 2426 faceres?
623 2360 803 2451 pecuniam
833 2359 1012 2453 eriperes?
1040 2382 1215 2451 uunquam
1245 2358 1297 2426 illi
1325 2359 1382 2428 ob-

318 2538 398 2579 morte
417 2527 624 2580 corsmvideatur
642 2526 823 2581 exhorrescere.
907 2529 931 2594 4.
943 2527 996 2580 Per
1005 2527 1051 2580 hos
1062 2528 1206 2581 exhaustos
1208 2562 1276 2580 ........
1286 2530 1379 2579 nudos

319 2604 396 2673 Quod
406 2605 481 2657 sentit
493 2606 598 2677 vulgus,
609 2606 657 2658 hoe
669 2605 727 2658 loeo
738 2607 825 2680 expri-
876 2605 971 2660 &nece
985 2606 1057 2658 alites·
1068 2625 1094 2660 se
1106 2605 1183 2677 gessit
1192 2605 1220 2658 in
1237 2604 1325 2658 exsilio
1334 2621 1341 2655 :
1349 2605 1378 2656 tl.

319 2683 379 2748 mit,
390 2703 442 2736 uon
452 2685 521 2755 quod
531 2684 583 2756 ipse
592 2684 668 2736 sentit
677 2697 701 2737 et
712 2685 826 2738 sentieu-
878 2682 956 2737 Cous.
967 2683 1008 2736 sd.
1024 2684 1099 2738 llelv.
1114 2685 1205 2750 xvir,
1221 2704 1234 2748 7
1249 2700 1256 2734 :
1273 2703 1287 2732 s
1300 2682 1381 2735 lenta

322 2761 532 2815 dnmarhitrstur.
878 2773 902 2814 et
917 2761 1026 2814 alacrem
1043 2761 1113 2816 velut
1131 2761 1233 2833 optimis
1253 2759 1328 2814 relius
1343 2780 1381 2812 me

356 2861 377 2892 r.
395 2841 471 2893 Illud
485 2860 592 2910 quoque.
612 2843 708 2895 laudat
727 2843 825 2915 Lipsius
878 2838 970 2912 cogita.
982 2859 996 2886 »
1015 2839 1154 2908 Quomodo
1169 2839 1247 2910 igitur
1261 2875 1270 2904 ‚
1284 2839 1306 2892 si
1321 2839 1383 2891 hane

320 2917 479 2970 Philemonis
491 2916 575 2971 simile
588 2919 683 2972 dictum
699 2924 828 2993 egregium
879 2914 983 2970 Consol.
996 2917 1049 2990 ipse
1066 2918 1218 2989 scripsisset,
1230 2917 1262 2970 de
1268 2918 1383 2970 extam-

322 2999 331 3060 (
341 3016 380 3069 sp.
402 2994 496 3048 Bruuc.
515 2995 610 3048 Guom.
628 3010 694 3070 poet.
711 3018 784 3071 grae.
804 3020 827 3071 p.
878 2993 1027 3063 tt'sflets'dtss
1038 2997 1118 3048 scutis
1125 2996 1222 3048 locutus
1231 2995 1315 3048 esset?

325 3093 384 3144 197,
398 3071 483 3136 xlv).
504 3071 543 3124 Cl.
558 3072 648 3125 Gstsl.
659 3074 693 3134 ad
703 3077 825 3128 Antonin.
911 3071 1093 3125 stimuum
1101 3071 1383 3144 mamfoct'om.Quam

323 3171 347 3222 p.
358 3149 487 3217 ²73‚274.
879 3148 951 3202 litem
962 3170 1021 3203 eun
1030 3150 1131 3204 fortuna
1142 3150 1267 3214 sustines,
1295 3161 1385 3202 unate-

357 3248 380 3279 s.
391 3229 445 3280 Nec
454 3231 497 3282 1112·
505 3247 581 3296 quem
590 3233 729 3284 desideras.
737 3231 826 3284 llorat.
880 3249 939 3282 cum
950 3250 998 3302 ego
1010 3230 1154 3297 sustinebo,
1166 3243 1191 3283 et
1201 3229 1275 3301 qussi
1287 3229 1338 3300 ipse
1349 3229 1384 3280 al-

326 3303 367 3356 lih.
381 3305 406 3368 l,
421 3305 471 3356 Od.
482 3307 574 3372 adas.
591 3308 630 3372 13,
645 3329 699 3380 sqq.
713 3331 726 3356 a
738 3310 826 3379 Quod,
880 3306 1068 3360 dictus‘eodem
1086 3308 1139 3361 ictu
1158 3301 1251 3374 suem,
1274 3307 1384 3378 iniquam

324 3383 345 3434 si
356 3382 473 3436 Threicio
489 3383 604 3440 blandius
617 3387 755 3459 Orpheo...
768 3389 828 3440 Non
883 3385 1002 3442 incussbo
1015 3385 1089 3438 ethis
1101 3385 1224 3457 alloquar.

325 3480 396 3514 vente
408 3463 492 3515 redeat
503 3464 605 3537 sanguis
622 3464 728 3538 imagini
741 3467 824 3534 Quam
914 3463 938 3514 6.
949 3463 1015 3517 Ecce
1016 3500 1057 3515 .....
1065 3465 1226 3534 impressisti.
1241 3461 1319 3514 Salvo
1332 3459 1386 3513 Ce-

282 3575 287 3584 ·
325 3539 396 3612 virga
409 3541 484 3592 semel
492 3539 713 3616 horrida....Nigro
722 3563 829 3616 copu-
881 3560 935 3594 sare
949 3540 1033 3592 nullus
1045 3540 1119 3594 dolor
1127 3559 1180 3592 esse
1191 3551 1276 3592 tantus
1286 3537 1386 3590 rideba-

326 3619 527 3676 leritMeseusius
535 3621 615 3698 gregis
627 3644 640 3669 a
882 3631 938 3686 tur,
950 3630 979 3671 ut
990 3639 1023 3671 eo.
1029 3619 1226 3693 opprimeretur:
1236 3629 1386 3671 sttutsmn

358 3697 382 3748 3.
393 3697 831 3771 Quidquldlocrymommfhrtunoe
882 3709 985 3768 tangere
998 3697 1073 3750 nosti·

324 3793 390 3826 meoe
403 3777 537 3848 superfuit.
552 3777 621 3846 Quas
640 3778 763 3850 lacrymas
778 3798 831 3831 non
918 3797 940 3846 7.
957 3775 1047 3846 Quum
1063 3777 1149 3828 sene...
1168 3777 1337 3826 cit-cumines.
1354 3771 1386 3823 Ut

326 3853 452 3926 absumpsi
465 3854 492 3905 iu
506 3875 562 3908 mea
575 3855 652 3928 ipsius
665 3871 730 3910 sorte
744 3857 831 3932 deplo-
883 3855 1033 3928 perspiceres
1049 3873 1082 3905 au
1103 3865 1166 3904 esset
1186 3851 1213 3903 in
1230 3850 1277 3902 illo
1292 3848 1386 3920 aliquid

327 3929 413 3983 sanda.
422 3931 550 3985 Memento
560 3946 643 3986 autem
653 3934 701 3988 hoc
709 3934 762 4007 ipso
770 3947 831 3987 tem·
883 3934 951 4005 quod
977 3932 1061 3986 miuus
1088 3931 1216 3983 munitum
1234 3941 1259 3982 et
1276 3927 1386 3980 clausum

328 4029 386 4078 pore
408 4010 527 4063 exsulasse
551 4011 670 4064 Nostrum
687 4011 714 4064 in
730 4011 831 4068 Corsica
884 4015 1001 4067 adversus
1014 4013 1135 4084 impetum
1148 4023 1218 4062 tuum
1237 4010 1301 4062 foret
1315 4019 1339 4060 et
1354 4008 1389 4062 la.-

328 4086 418 4144 'tusttls⁴
885 4092 956 4144 silius
969 4089 1151 4144 vulneraretur.
