2876 4956
275 361 339 426 322
411 351 426 361 '⁵
609 357 679 427 DE
701 359 1012 432 BENEFICIIS

273 489 392 580 quium
406 485 600 556 demeretur
610 487 707 556 cibus
723 491 752 556 ¹.-
764 489 858 559 Adeo
875 491 977 560 etiam
992 513 1067 584 qne
1080 507 1176 560 extra
1187 492 1344 562 intellec-

273 621 343 674 tum
355 619 457 697 utque
468 605 720 673 aestimationem
733 606 896 676 beneficii
917 625 996 679 sunt
1016 610 1146 702 posita,
1161 609 1345 680 assiduitas

272 736 385 790 tamen
409 722 523 790 meriti
542 723 732 814 pertinacis
759 724 896 792 evincit.
927 725 1085 819 Ingratus
1099 737 1158 796 'est
1178 724 1346 794 adversus

272 820 377 905 dnum
393 837 628 907 beneficium?
652 838 813 908 adversus
828 840 974 910 alterum
999 865 1067 910 non
1085 843 1174 926 erit3
1195 839 1344 908 duorum

273 951 398 1021 oblitus
411 969 462 1021 est
473 954 489 1021 P
501 954 638 1021 tertium
651 954 753 1021 etium
769 977 887 1024 eorum
901 980 976 1047 que
988 956 1199 1039 exciderunt,
1215 979 1345 1024 memo-
1413 999 1414 1010 κ

232 1085 247 1116 ²
271 1071 356 1138 riam
373 1068 527 1138 reducet.
547 1070 581 1136 Is
593 1067 708 1161 perdit
717 1068 885 1138 beneficia
902 1075 930 1154 ²,
947 1071 1007 1162 qui
1019 1072 1086 1140 cito
1098 1096 1135 1139 se
1148 1069 1343 1164 perdidisse

195 1239 198 1246 ,
272 1167 416 1255 credit³ss
429 1185 541 1278 Atqui
553 1185 667 1268 instat,
683 1200 718 1253 et
730 1201 849 1255 onerat
860 1188 976 1280 priora
988 1190 1224 1281 sequentihus,
1239 1193 1343 1259 etiam
1413 1225 1414 1284 ss

270 1325 311 1370 ex
328 1299 414 1369 duro
430 1316 465 1369 et
481 1302 669 1370 immemori
686 1317 823 1394 pectore
842 1306 984 1398 gratiam
1000 1305 1167 1375 extundit.
1186 1309 1266 1374 Non
1277 1331 1343 1375 su·

271 1417 367 1488 debit
395 1417 556 1488 adversus
583 1418 688 1486 multa
715 1418 829 1488 oculos
855 1420 1009 1490 attollere
1025 1425 1275 1515 {quocumque
1306 1446 1343 1490 se
1413 1415 1414 1420 ἵ

270 1537 458 1619 convertit,
477 1536 673 1603 memoriam
688 1559 782 1604 suam
796 1535 955 1630 fugiens,
973 1539 1022 1606 ibi
1034 1555 1068 1607 te
1080 1539 1193 1608 videat
1210 1566 1219 1608 ε
1235 1541 1344 1609 bene-

228 1652 245 1706 ³
270 1639 448 1722 ficiis'tuis
470 1651 567 1720 illum
593 1652 706 1745 cinge.
737 1651 894 1743 Quonim
919 1678 994 1745 quse
1009 1657 1087 1740 ¹vis,
1115 1679 1233 1749 quaeve
1258 1681 1343 1749 pro-
1413 1657 1414 1660 ’

268 1771 395 1864 prietes
412 1771 473 1846 sit,
493 1768 627 1854 dicam,
645 1770 674 1837 si
694 1769 789 1862 prius
804 1769 883 1853 ills,
903 1795 978 1863 quae
991 1770 1035 1839 ad
1057 1797 1129 1842 rem
1141 1797 1211 1842 non
1229 1776 1344 1867 perti-

268 1903 365 1970 nent,
382 1871 553 1955 transilire
570 1887 655 1954 mihi
669 1888 879 1978 permiseris,
895 1881 1027 1980 quare⁴
1047 1905 1116 1958 tres
1132 1892 1282 1972 Gratim,
1309 1907 1345 1960 et

269 1997 396 2095 quare⁵
415 2026 548 2070 sorores
564 2003 652 2084 sint,
677 2016 712 2070 et
730 2025 835 2093 quere
859 2004 1014 2074 manibus
1032 2007 1186 2100 implexis
1195 2059 1207 2094 ‚
1229 2033 1342 2100 quare

267 2198 356 2251 munt,
371 2187 414 2239 sed
430 2185 545 2258 margine
564 2197 616 2238 toto
637 2185 777 2247 intrantes,
800 2231 804 2240 .
827 2204 928 2256 quoque
944 2188 1066 2262 probavit.
1090 2189 1212 2242 Erasmus
1241 2188 1342 2262 aliique

267 2267 370 2340 plenum
378 2261 779 2340 populorummilliacirenmsus·
827 2264 972 2318 omiserant.
996 2267 1146 2320 Vincentius
1164 2267 1181 2323 l.
1200 2267 1240 2335 l.,
1262 2267 1345 2323 habet
1368 2309 1372 2318 .

268 2346 379 2428 picium,
395 2365 541 2420 magnoque
561 2357 630 2397 metu
649 2345 778 2398 mitescere
826 2341 994 2411 Disperdr'dit
1008 2346 1137 2416 benficia.

269 2422 368 2477 diseunt
380 2429 536 2494 ;Deponunt
544 2424 642 2478 rabiem
650 2462 657 2488 ,
666 2424 777 2496 gaudent
860 2417 884 2470 3.
898 2421 930 2474 ls
939 2423 1026 2490 perdit
1026 2459 1077 2475 ......
1088 2425 1177 2476 credit.
1189 2423 1222 2474 ln
1235 2423 1306 2477 hane
1317 2435 1343 2477 et

162 2553 163 2558 ,
268 2501 508 2570 seraviuclssulsire,
519 2505 568 2556 Per
578 2501 676 2555 medios
684 2501 777 2556 intrare
826 2496 922 2550 vicinas
934 2499 1068 2551 sententias
1078 2500 1145 2553 Ptin,
1155 2499 1218 2574 Epp.
1228 2501 1284 2567 lll,
1298 2502 1317 2567 4
1335 2519 1342 2552 r

268 2583 352 2650 locos,
363 2583 494 2655 ipsumque
506 2582 617 2654 superba
627 2581 703 2650 Quod
711 2601 778 2654 spee-
828 2597 842 2623 «
850 2577 895 2628 Est
900 2577 933 2629 its
941 2590 1030 2630 natura
1041 2589 1223 2650 comparatum,
1231 2581 1342 2632 utenti·

268 2674 372 2726 tentor,
391 2673 484 2715 amant.
499 2655 607 2713 Caram
629 2657 777 2730 turbamque
825 2653 915 2725 quiora
927 2654 1049 2708 beneliria
1065 2656 1210 2724 subvertas,
1226 2655 1278 2708 uisi
1294 2657 1343 2710 illa

268 2739 374 2794 laventis
391 2742 526 2802 Lustrum,
541 2751 566 2790 et
579 2757 665 2811 prona
683 2737 776 2791 solium
826 2731 1003 2802 posterioribus
1012 2734 1133 2787 cumules.
1144 2736 1210 2786 Nam
1221 2737 1345 2806 quamli-

268 2818 398 2891 regnsntis
409 2817 522 2870 adorant.
535 2837 549 2862 r
825 2808 868 2862 bet
876 2829 941 2884 saepe
954 2809 1075 2884 obligati,
1088 2812 1110 2864 si
1123 2813 1185 2883 quid
1195 2832 1279 2866 unum
1291 2833 1343 2867 ne-

305 2918 326 2952 ι,
346 2897 570 2967 Elephantorum..
572 2933 612 2950 ,,,,,
633 2899 777 2951 demeretur
825 2907 885 2960 ges,
900 2887 949 2950 hor
964 2888 1046 2941 solum
1063 2889 1250 2958 meminerunt,
1265 2893 1341 2962 qnod

267 2977 416 3030 cibus.Nam
430 2974 495 3046 rapti
510 2977 576 3028 larue
593 2975 736 3040 domantur,
751 2987 776 3028 st
824 2982 943 3040 negatum
952 2983 995 3023 est.
1006 2992 1020 3017 s
1029 2970 1134 3023 Publius
1142 2971 1340 3044 mimographus

268 3057 418 3109 offerentem
431 3052 523 3107 deinde
537 3051 622 3106 cibum
634 3067 719 3106 amant
730 3074 776 3107 au·
825 3049 918 3102 eollids
936 3069 942 3100 :
962 3071 975 3097 s
987 3047 1146 3102 Beneficium
1166 3068 1230 3124 saepe
1252 3049 1337 3116 dare,

269 3134 399 3205 diuntque.
407 3133 441 3185 Et
448 3151 554 3204 «regem
562 3131 681 3197 adorant,
692 3151 777 3205 genua
823 3127 914 3180 docere
925 3142 962 3180 est
973 3129 1085 3180 reddere.
1096 3147 1109 3174 e

268 3214 439 3280 submittunt,
470 3217 576 3266 coronas
613 3211 775 3284 porrigunt.»
856 3207 879 3272 4.
892 3204 1157 3276 Pennisert's‚qnare.
1171 3205 1337 3261 SirGrono-

269 3293 338 3346 Plin.
357 3292 402 3345 lib.
415 3291 488 3344 Vlll.
506 3311 559 3365 esp.
576 3290 600 3342 5.
621 3289 660 3343 Cl.
676 3289 774 3343 AElisn.
823 3285 880 3337 vius
891 3285 918 3338 in
936 3285 1201 3340 Rottendorfiieodiee
1212 3287 1335 3359 invenit,

268 3371 333 3425 llist.
351 3368 463 3422 Animal.
480 3367 524 3422 lib.
542 3369 581 3431 ll,
601 3387 654 3442 rap.
670 3385 714 3429 tr:
730 3367 774 3420 lib.
824 3363 897 3416 nullo
907 3364 1018 3438 vulgatae
1030 3365 1164 3418 lectionis«
1169 3369 1335 3432 pennisen's.

268 3449 345 3516 Xlll,
364 3469 416 3522 cap.
432 3466 478 3511 ²²3
500 3448 534 3516 Q
546 3444 616 3499 Curt.
633 3443 677 3497 lib.
693 3445 772 3506 vlll,
823 3442 896 3494 Num
910 3445 1145 3496 oetnuncdtcam»
1171 3443 1206 3496 ibi
1222 3447 1335 3520 vestigio

267 3549 321 3603 esp.
339 3529 401 3591 ult.;
422 3528 475 3601 ipse
500 3529 573 3580 Nost.
591 3526 660 3598 epist.
679 3531 774 3578 dxxxv·
825 3532 942 3574 exstante.
954 3522 1064 3595 Optime.
1077 3523 1142 3575 Sunt
1163 3523 1249 3589 enim,
1262 3527 1339 3594 quod

267 3606 377 3661 Martial.
390 3607 502 3680 Spertse.
514 3604 558 3657 lib.
571 3605 608 3668 x,
623 3603 701 3676 epigr.
713 3617 756 3655 xrt
768 3620 774 3654 :
825 3600 924 3670 egregie
935 3601 1034 3653 monuit
1041 3599 1265 3670 Gronoviua‚quae
1274 3621 1337 3656 mox

270 3684 370 3753 «Quod
387 3684 443 3759 pius
463 3695 487 3734 et
505 3681 607 3755 supplex
625 3681 773 3752 elephante,
824 3679 931 3732 monsilit
946 3691 970 3732 et
985 3681 1147 3744 transcurrit,
1169 3701 1198 3734 er
1212 3680 1258 3744 iis,
1274 3701 1336 3751 qua

269 3762 368 3826 Cesar,
380 3758 774 3824 edomtnPlinium,AElianum
824 3759 924 3812 adrem
938 3779 991 3811 non
1006 3761 1147 3827 pertinent,
1165 3771 1210 3811 ste.
1227 3759 1337 3813 lrlonuit

267 3843 335 3895 vide.
343 3839 429 3895 Addss
438 3859 506 3893 nune
514 3836 775 3908 celeberrimBuffon
823 3837 878 3892 htec
888 3838 1001 3891 Gronov.
1014 3839 1046 3890 sd
1057 3838 1121 3904 vlt,
1137 3839 1178 3890 30.

267 3921 379 3990 aliosque
392 3919 482 3974 rernm'
493 3915 646 3970 naturalium
660 3915 773 3991 deserip-
856 3919 880 3969 5.
898 3915 987 3986 Quare
1004 3927 1054 3969 tres
1072 3915 1187 3977 Gmttoe,
1204 3925 1336 3984 elpram.

268 4008 350 4062 tores,
363 3998 385 4050 si
397 3997 461 4051 tanti
473 4015 525 4050 esse
533 3993 657 4048 videatur.
823 3995 888 4064 Qnae
900 3993 943 4048 lsir
955 3993 986 4047 de
1002 3991 1103 4047 Gratiis
1117 4005 1297 4066 exponuntur,
1319 4015 1336 4048 e

299 4096 323 4128 n.
339 4072 482 4144 Beneficia.
503 4073 599 4126 Omnes
621 4071 695 4126 codd.
715 4091 773 4128 mss,
821 4071 1142 4146 scholaZenom'sproiects
1152 4083 1336 4134 esse‚etrueu-

264 4162 395 4224 prestant,
405 4169 451 4204 uec
461 4150 544 4203 omitti
554 4163 642 4224 potest.
649 4149 772 4204 Gruterus
822 4150 857 4203 tio
871 4149 1013 4204 Hecatonis
1029 4149 1215 4224 ffiqsrppr'que
1226 4149 1334 4205 abunde
