2978 4942
325 463 422 532 ure.
450 463 537 551 111,
565 463 671 532 car.
698 461 914 534 xxxvii.
1091 463 1159 561 459

76 615 114 668 et
134 597 321 691 imperium
337 595 388 663 illi
406 596 514 688 Cypri
534 591 686 664 tradidit.
708 597 782 664 lloo
804 611 856 664 eet
875 619 1045 690 regnum,
1067 598 1158 667 nolle

75 737 244 809 regnare,
258 737 362 805 quum
371 712 492 806 possis¹
509 709 994 808 !Violtpatrem,imperiosum
1003 714 1155 808 quidem,
1181 733 1198 801 4
1233 795 1236 810 Ι

75 832 126 898 Τ.
148 828 323 898 Mimlius¹¹
342 854 349 894 :
365 829 425 921 qul
446 853 552 920 quum
564 842 643 896 ante
660 828 705 899 ad
718 844 851 922 tempus
864 821 1055 922 relegatua³
1071 845 1160 900 esset

75 971 98 1014 a
117 961 240 1039 patre,
261 944 305 1013 ob
322 943 585 1013 adolescentiam
608 944 744 1013 brutam
763 967 804 1013 ao
823 943 1005 1028 hebetem,
1030 945 1075 1014 ad
1094 949 1158 1014 tri-

75 1061 216 1129 bunum
233 1059 366 1153 plebia,
388 1061 449 1152 qui
468 1060 558 1153 patri
576 1083 637 1132 suo
655 1059 787 1134 dixerat
804 1057 916 1142 diem,
934 1062 1028 1132 venit
1045 1089 1054 1129 ι
1071 1064 1160 1156 peti-

75 1194 188 1270 toque
205 1191 378 1270 tempore,
398 1174 495 1270 quod
513 1176 574 1244 ille
593 1175 756 1260 dederat,
777 1200 921 1272 sperans
946 1177 1019 1248 tore
1037 1176 1158 1272 prodi·

76 1309 194 1362 torem
212 1293 364 1386 parentis
382 1293 512 1375 invisi,
543 1308 578 1361 et
600 1293 690 1363 bene
713 1295 881 1366 memisse·
902 1317 938 1362 se
964 1290 1007 1362 de
1029 1294 1159 1387 jurene

76 1408 272 1494 credebat,
299 1409 398 1501 cujus
423 1411 578 1478 exsilium
597 1433 661 1503 pro
680 1411 880 1504 ffuviaeimo
897 1411 1043 1479 crimine
1067 1411 1160 1492 inter

77 1523 152 1592 alia
164 1525 294 1595 Manlio
303 1525 506 1619 objiciebat,
518 1541 638 1595 nactus
648 1527 845 1597 adolescens
857 1542 1046 1608 secretum,
1058 1526 1160 1594 strin-

80 1641 139 1734 git
154 1643 360 1712 occultatum
379 1644 456 1712 sinu
473 1643 621 1728 sermm,
643 1660 703 1713 et:
729 1645 832 1712 «Nisi
846 1644 956 1737 juras,
977 1642 1103 1734 inquit,
1124 1657 1159 1708 te

78 1755 176 1824 dicm
195 1761 284 1852 patri
301 1755 562 1846 remissurum⁴‚
583 1762 650 1832 hoo
672 1777 706 1829 te
724 1760 838 1855 gladio
858 1756 1094 1828 transfodiam.
1116 1758 1158 1824 ln

78 1891 144 1940 tua
153 1891 318 1967 potestate
329 1893 402 1961 eet,
418 1895 496 1946 utro
509 1878 608 1951 modo
621 1893 720 1972 pater
733 1901 828 1947 meus
841 1891 1072 1947 accusatorem
1086 1897 1157 1942 nou

80 1985 247 2062 habeat⁵.
262 2021 279 2058 o
299 1999 318 2064 J
321 1997 432 2068 urevit
448 1996 608 2064 tribunus
633 2019 719 2069 :nec
736 1994 879 2080 lelellit,
901 2010 1085 2062 etecusam
1098 2015 1158 2059 ao·

79 2103 211 2178 tionie⁶
224 2114 373 2182 remisse
386 2113 542 2182 concioni
553 2111 717 2182 reddidit.
730 2113 824 2182 Nulli
835 2112 894 2180 alii
907 2111 1005 2180 liouit
1018 2110 1158 2202 impune

80 2227 260 2298 tribunum
277 2231 317 2297 in
335 2229 489 2298 ordinem
508 2231 681 2324 redigere.

119 2422 203 2476 ullor
214 2424 599 2499 est...possr‘s.8imilicexempla
646 2427 701 2478 tiati
719 2424 915 2483 rillamMaulii
930 2421 1026 2476 luisse?
1042 2422 1096 2475 Etsi
1111 2441 1159 2476 uos

82 2498 337 2556 laudatFreinsliem.
346 2503 378 2557 ad
386 2503 457 2557 Curt.
469 2505 517 2569 IV,
529 2524 551 2572 r,
561 2507 597 2560 ιθ.
648 2521 789 2568 careamus,
802 2521 856 2554 nou
869 2519 970 2553 necesse
985 2510 1037 2566 est,
1049 2497 1157 2552 caruisse

117 2597 142 2628 a.
156 2577 279 2631 Manlius
289 2599 298 2632 .·
309 2579 384 2633 multi
398 2580 447 2634 lroc
459 2581 528 2634 idern
540 2601 599 2635 uar-
648 2580 791 2634 auctoribus
803 2580 935 2634 Senecam.
949 2578 1086 2652 Ingeniosa
1098 2578 1158 2648 qui·
1244 2583 1249 2592 ”

81 2668 218 2714 rnoec.
232 2657 288 2711 Cic.
297 2658 329 2712 de
339 2659 394 2712 Off.
408 2661 597 2730 umento.
648 2659 707 2716 dem
719 2658 822 2714 e'stlresc
836 2658 1000 2729 conjectura,
1019 2655 1062 2713 sed
1083 2655 1158 2712 valde

84 2733 142 2788 tr'v.
151 2734 210 2798 vn,
231 2737 256 2802 4,
275 2748 322 2790 etc.
330 2737 530 2812 M.l’ompouius
541 2738 597 2794 trib.
648 2737 751 2794 ineerta.
775 2735 837 2790 Fuit
862 2754 943 2806 mum
964 2733 1155 2790 emendarem:

82 2811 117 2881 pl-
140 2831 199 2868 sun
216 2813 251 2867 ed
271 2815 394 2889 populum
413 2831 596 2886 accusaverat,
646 2825 707 2867 ante
717 2835 736 2866 a
753 2813 898 2883 Republica
911 2816 956 2866 rel.
970 2811 1021 2864 Sed
1038 2811 1158 2866 meliores

82 2891 156 2960 quod
169 2889 191 2944 is
203 2910 295 2964 paucos
311 2892 360 2946 sibi
372 2893 426 2946 dies
441 2894 474 2949 ad
484 2894 597 2950 dictatu·
647 2892 721 2948 codd.
731 2891 893 2966 esspeeteudi
903 2903 968 2946 aaut

83 2987 141 3019 ram
161 2968 298 3042 gerendam
311 2971 464 3038 addidisset,
485 2985 551 3028 ete:
567 2971 597 3027 fi·
678 2972 702 3037 4.
718 2972 755 3028 Te
769 2973 837 3030 &em
847 2974 922 3040 petri
934 2967 1157 3027 remissurumll.

83 3044 195 3098 lieel'nit
204 3046 248 3098 ille
259 3047 404 3118 Torquatus
414 3049 502 3116 drus,
515 3051 561 3122 qui
570 3053 599 3104 li-
648 3073 670 3105 s.
687 3053 719 3106 ab
737 3053 896 3110 accusatione
913 3049 1033 3104 liberabis
1054 3060 1158 3120 patrem,

85 3121 419 3198 Mummi-oriturae,
431 3129 598 3197 quodeoutre
646 3133 715 3186 lium
732 3145 761 3185 ut
777 3135 847 3186 drea
863 3133 947 3186 dicere
961 3143 997 3186 est
1013 3147 1157 3193 musore,

84 3201 222 3272 inperium
233 3217 388 3276 pugnaverat
396 3226 455 3259 nm
465 3207 547 3275 hoste,
555 3209 599 3260 Li·
646 3211 683 3264 sic
699 3231 747 3285 pro
763 3212 800 3264 eb
816 3211 964 3264 amando
976 3210 1099 3267 &auten
1111 3203 1159 3258 erit

85 3281 129 3331 vio
141 3279 265 3335 madente.
647 3291 674 3342 el
687 3291 758 3342 diem
774 3291 907 3342 remittere.
923 3285 1017 3342 Gallie.
1034 3285 1159 3338 amittere

118 3359 145 3410 3.
159 3355 311 3428 leqwm
321 3372 382 3415 eote
392 3363 432 3414 ad
443 3371 545 3430 tempus
557 3379 598 3416 re·
648 3367 748 3442 proprie
759 3367 957 3438 estsar'reqrdoe
965 3367 1005 3420 de.

84 3441 197 3506 ἡμὲν.
216 3437 260 3491 ste
274 3440 409 3506 Ensmus,
430 3439 463 3493 al.
479 3441 535 3494 lice
547 3441 598 3494 lere
681 3449 705 3500 5.
717 3445 755 3498 In
765 3455 813 3498 tuo
819 3453 986 3514 potestate...
993 3459 1046 3497 oon
1054 3437 1163 3510 lrabeat„

86 3515 183 3566 abeunt
193 3513 267 3570 eodd.
285 3519 346 3570 Nan
366 3518 599 3588 mindonensem
647 3524 681 3576 ll.
693 3545 730 3586 e.,
742 3521 868 3596 quidquid
880 3531 923 3575 aut
932 3518 1031 3574 aecidat
1043 3530 1085 3570 aut
1097 3535 1157 3570 eve-

84 3605 166 3647 mteo
176 3598 217 3648 ad
225 3606 336 3667 tempus,
346 3599 389 3652 elii
397 3619 480 3668 quum
490 3601 600 3654 amad
648 3603 716 3669 eiat,
728 3603 779 3675 jam
791 3621 861 3654 meus
872 3613 941 3675 peter
951 3598 983 3652 ab
996 3595 1158 3653 accusatione

84 3685 189 3744 tempus
203 3695 224 3727 r.
235 3677 333 3730 laecum
346 3678 374 3730 iu
393 3677 488 3732 mendo
507 3677 598 3733 cubare
647 3701 748 3734 securus
762 3693 812 3744 est,
828 3690 980 3750 nequeunte
992 3671 1157 3732 tribunalae-

85 3771 164 3804 nemo
177 3752 337 3809 dubitaverit.
346 3757 415 3811 llius
428 3758 552 3810 Gruterus
560 3760 598 3812 le·
647 3771 748 3812 curante
758 3771 783 3812 te
792 3757 934 3811 sordidatus
946 3754 1110 3830 protrahetur.
1123 3755 1157 3803 m

85 3831 121 3882 eit
134 3835 200 3900 :oui
207 3851 288 3900 quum
299 3845 378 3888 anteo
387 3839 414 3887 r'n
426 3854 472 3888 ms
483 3839 527 3889 rel.
537 3835 598 3911 Lip-
648 3837 704 3891 δη
722 3849 782 3890 suut
799 3835 847 3890 vic
864 3834 956 3906 quibus
976 3832 1016 3888 illi
1036 3831 1157 3886 securitas

84 3909 139 3959 sins
158 3919 220 3962 ente
241 3913 272 3962 id
291 3921 394 3980 tempus
405 3951 413 3975 ,
434 3931 525 3986 nempe
545 3915 597 3967 diei
647 3927 784 3990 prestetur,
793 3926 837 3966 aut
845 3931 941 3986 pereas,
949 3923 993 3962 aut
1003 3923 1090 3962 taceas.
1100 3907 1157 3980 Ego

85 3986 161 4038 dictae
172 3999 196 4038 et
206 3987 243 4039 rei
255 3989 304 4056 iem
318 3991 457 4044 narrandae.
464 3991 579 4045 Gronov.
590 4015 596 4044 :
647 3993 758 4046 hircum
772 3991 822 4044 telo
834 3990 881 4043 tibi
893 3987 983 4042 inermi
999 3985 1136 4058 impendeo
1149 4004 1156 4046 ;

86 4063 215 4132 calidam,
235 4066 287 4132 ait,
307 4067 492 4121 divinationem
510 4069 598 4123 timide
646 4071 736 4141 jurate
749 4089 801 4122 non
813 4069 973 4130 locuturum,
986 4067 1039 4134 {aut
1050 4083 1156 4116 morere.

86 4162 228 4214 proponam
241 4163 247 4195 :
258 4150 392 4214 qur‘qunm
401 4149 508 4200 Antiute
518 4154 545 4200 r'n
552 4169 597 4202 rrrs
647 4149 760 4218 Utroque
772 4145 850 4199 modo
862 4185 869 4207 ,
883 4144 985 4196 tacebis.

86 4223 132 4274 rel.
142 4237 209 4272 esset
221 4243 238 4276 u
254 4244 281 4288 p.
295 4223 344 4276 Sed
356 4224 411 4294 quis
424 4225 485 4277 dixit
498 4226 525 4278 iu
541 4231 596 4280 An·
679 4226 702 4277 5.
714 4215 838 4280 Actionis.
851 4225 873 4276 E
885 4223 949 4276 codd
970 4223 1084 4295 inprimis
1095 4224 1156 4277 Nar.
