2876 4956
293 442 359 508 330
627 439 695 508 ou
718 439 1028 538 assumens

290 571 327 639 iu
338 567 608 639 rebushumanis
618 573 780 657 retinere,
795 573 990 640 memoriam
1001 570 1191 640 officiorum
1203 573 1357 664 ingerere

290 683 412 752 animis
424 682 567 766 volunt,
584 686 673 754 serio
688 685 882 777 loquantur,
901 701 935 752 et
949 685 1080 779 magnis
1092 684 1226 753 viribus
1238 703 1356 779 agant:

290 797 355 864 nisi
368 797 454 863 forte
467 798 654 882 existimas,
669 798 738 867 leri
753 822 794 866 ac
808 797 959 866 fabuloso
974 821 1147 882 sermone,
1164 814 1200 866 et
1215 799 1360 866 anilibus

290 915 513 1008 argumentis,
523 917 701 1008 prohiberi
715 939 813 1010 posse
826 939 899 984 rem
913 915 1252 1008 perniciosissimam,
1264 917 1361 985 bene-

191 1023 196 1030 ’
291 1032 447 1099 liciorum
465 1055 566 1100 novas
583 1032 714 1101 tabulas
732 1037 757 1098 ¹.

339 1148 383 1213 V.
410 1144 479 1214 Sed
501 1145 786 1237 quemadmodum
810 1170 1022 1240 supervacua
1043 1163 1296 1230 transcurram,
1318 1150 1363 1215 ita
1427 1173 1428 1176 ¹

292 1283 456 1354 exponam
470 1285 608 1330 necesse
621 1279 685 1345 est,
702 1262 769 1330 hoc
782 1263 928 1355 primum
945 1263 1043 1330 nobis
1057 1287 1131 1332 esse
1147 1263 1359 1344 discendum,

293 1376 378 1468 quid
397 1393 536 1470 accepto
555 1379 722 1446 beneficio
741 1376 938 1446 debeamus.
960 1378 1095 1446 Debere
1113 1381 1204 1447 cuim
1227 1377 1311 1448 dicit
1329 1403 1364 1446 se
1429 1406 1430 1410 ¹

292 1493 379 1562 alius
397 1495 576 1587 pecuniam
601 1518 703 1585 quam
725 1495 878 1586 accepit,
904 1494 992 1562 alius
1016 1495 1253 1584 consulatum,
1281 1497 1365 1564 alios

294 1611 538 1698 sacerdotium,
560 1610 647 1680 alius
665 1612 887 1703 provinciam.
907 1613 975 1679 Ista
993 1627 1106 1680 autem
1126 1630 1205 1682 sunt
1224 1616 1366 1682 merito-

295 1755 371 1800 rum
399 1731 517 1824 signa,
546 1753 615 1797 non
635 1713 768 1796 merita.
798 1731 875 1796 Non
897 1745 1009 1821 potest
1032 1729 1239 1800 beneficium
1267 1756 1368 1800 manu

250 1849 256 1858 ’
298 1846 416 1937 tangi:
438 1867 494 1911 res
506 1844 619 1912 animo
639 1842 807 1937 geritur².
831 1843 977 1911 Multum
997 1845 1140 1913 interest
1156 1847 1250 1914 inter
1264 1863 1370 1914 mate-

296 1962 381 2042 riam
400 1960 581 2042 beneficii,
604 1974 639 2028 et
655 1959 885 2043 beneficium,
911 1959 1027 2051 itaque
1051 1983 1117 2028 nec
1135 1983 1280 2038 aurum,
1305 1984 1370 2029 nec

296 2089 497 2170 argeutum,
514 2098 579 2144 nec
598 2074 785 2166 quidquam
798 2097 916 2142 eorum
935 2097 1012 2166 quae
1031 2098 1051 2142 a
1068 2069 1256 2167 proximis³
1277 2077 1369 2143 acci·

296 2193 459 2288 piuntur,
489 2193 695 2260 beneficium
712 2207 783 2274 est,
811 2191 871 2260 sed
894 2192 967 2284 ipsa
986 2190 1168 2260 tribuentis
1188 2192 1367 2274 voluntas,

298 2307 449 2402 imperiti
467 2321 579 2376 autem
602 2305 664 2390 id,
684 2304 777 2398 quod
799 2307 909 2376 oculis
926 2307 1098 2390 incurrit,
1120 2324 1156 2376 et
1180 2306 1277 2400 quod
1299 2325 1372 2378 tra-

293 2571 430 2644 ,benelscta
456 2571 579 2644 accipias,
604 2581 725 2645 perpetuo
748 2587 807 2620 me·
893 2589 916 2621 s.
942 2567 997 2621 Res
1019 2571 1110 2622 cadmo
1127 2573 1236 2640 geritur.
1261 2569 1374 2642 Egregie

299 2663 396 2706 mento.
409 2673 423 2700 s
859 2648 976 2701 Gronov.
986 2647 1021 2699 sie
1031 2646 1167 2720 legendam
1178 2647 1275 2713 suasit,
1286 2650 1375 2701 codiee

337 2751 358 2786 r.
376 2731 568 2802 Beneficiorum
589 2746 671 2781 novas
694 2727 809 2780 ululas.
859 2725 921 2776 Nae.
933 2726 1115 2788 danismam.
1126 2727 1375 2795 tongilesam'mog.

300 2811 358 2862 latu
371 2809 455 2863 iudea
467 2808 562 2862 Solone
574 2819 640 2859 note
650 2817 708 2858 sunt
717 2803 757 2857 lue
765 2823 811 2856 no·
860 2803 898 2854 Ea
909 2802 954 2856 illo
967 2815 1083 2876 corrupto
1092 2805 1131 2855 les
1141 2843 1149 2866 ,
1160 2801 1196 2855 ait
1207 2801 1253 2866 G.,
1262 2801 1376 2876 vulgatae

301 2909 340 2946 voe
352 2889 459 2950 tabulae,
471 2905 526 2959 quse
534 2883 659 2938 veteribus
668 2882 758 2935 debitis
769 2881 811 2934 vel
861 2880 919 2934 edd·
933 2893 957 2935 et
973 2879 1017 2934 alii
1029 2880 1089 2933 libri
1100 2883 1147 2933 sed
1156 2879 1281 2943 fecerunt,
1294 2903 1377 2953 quum

301 2987 401 3043 prorsus
418 2967 458 3019 vel
477 2988 507 3020 ex
529 2977 598 3039 parte
616 2961 759 3031 expunctis,
782 2961 811 3013 in
861 2959 1005 3014 debuissent
1014 2977 1064 3011 res.
1073 2957 1152 3010 Ulcus
1160 2957 1322 3011 addituleeri
1334 2961 1376 3032 qui

304 3044 467 3114 Antiquitatis
491 3038 646 3113 Rebuspubl.
668 3037 696 3090 in
716 3057 812 3092 uorum
862 3042 917 3092 solo
934 3042 1024 3090 animo
1040 3040 1153 3090 comitur
1166 3036 1251 3089 babet.
1268 3063 1305 3077 -
1322 3039 1379 3091 Res

304 3123 423 3178 ordinem
444 3117 589 3192 redigendis
606 3115 663 3170 fieri
685 3115 812 3170 interdum
862 3117 949 3167 ammo
960 3118 1066 3183 geritur.
1078 3114 1100 3166 1.
1114 3133 1136 3168 e.
1149 3112 1279 3166 Gronovii
1293 3115 1379 3168 verbis

304 3201 427 3256 solebant.
448 3201 517 3253 llino
537 3217 582 3270 pro
604 3194 734 3249 oblivione
756 3193 783 3248 b.
796 3193 814 3247 l.
863 3203 891 3244 ut
903 3203 978 3256 uter,
995 3193 1023 3243 in
1043 3190 1247 3244 benefaciendo:
1261 3193 1308 3246 vel
1327 3205 1380 3246 tota

304 3291 446 3353 usurpator.
458 3278 497 3332 Gi.
507 3275 608 3330 Ernesti
618 3273 689 3329 Clav-
699 3273 753 3326 Cio.
762 3293 782 3326 s.
788 3293 814 3325 v.
864 3290 902 3322 res
910 3269 1028 3324 beneficii
1035 3271 1130 3345 geritur
1137 3273 1232 3325 animo.
1243 3273 1380 3327 Demente

305 3358 423 3422 Tabula,
437 3357 499 3411 Sall.
508 3355 558 3410 bel.
567 3353 622 3407 Cat.
633 3373 655 3406 c.
670 3372 709 3405 at.
864 3348 1058 3420 voluntateque,
1067 3369 1116 3420 qua
1125 3349 1280 3404 beneficium
1288 3351 1379 3417 datm,

339 3438 371 3490 V.
384 3440 453 3491 Aac.
469 3437 556 3506 Usque
571 3434 603 3487 ad
615 3444 688 3506 caput
706 3429 745 3484 XI
762 3428 816 3480 dis·
865 3446 948 3481 sermo
967 3440 1020 3494 est,
1039 3447 1092 3481 non
1108 3428 1141 3480 de
1157 3429 1283 3496 materia,
1302 3431 1379 3504 signo

306 3516 366 3570 serit
386 3515 417 3569 de
437 3534 486 3579 eo,
502 3511 570 3584 quod
590 3524 690 3584 accepto
711 3505 816 3563 benefi-
865 3505 992 3560 beneficii.

307 3597 347 3650 cio
355 3594 504 3658 debeamus,
514 3604 537 3644 et
545 3590 607 3662 quid
615 3587 768 3658 beneficium
776 3585 816 3638 sit.
899 3584 923 3638 ³.
936 3588 963 3639 A
971 3589 1157 3655 proximis-lta
1166 3587 1281 3662 psl.tres.
1290 3589 1381 3642 Codex

307 3677 340 3732 ln
347 3673 396 3729 bot:
406 3693 466 3726 sero
476 3672 554 3740 capite
563 3668 719 3743 peculiariter
729 3666 761 3718 de
769 3664 819 3717 bot:
866 3677 950 3718 autem
956 3665 1018 3719 Nae.
1028 3686 1087 3735 quoe
1093 3671 1235 3735 proximis.
1247 3667 1278 3719 ln
1286 3675 1383 3736 proxi·

308 3743 819 3822 disseriturquodadmeutemdsntisbe·
866 3747 920 3797 mis
935 3762 1024 3796 omues
1040 3743 1114 3797 codd.
1133 3743 1207 3798 Grut.
1223 3747 1382 3818 conspirant.

308 3831 427 3886 celicium
436 3827 597 3882 referendum
606 3826 650 3888 sit,
658 3837 683 3877 et
689 3824 757 3896 quod
766 3823 818 3876 bae
867 3823 970 3877 Medius
980 3824 1026 3894 Ep.
1035 3839 1067 3895 29
1077 3824 1302 3895 Novantiquarum
1314 3825 1383 3880 lectt.

309 3909 441 3963 resanimo
451 3919 560 3983 geratur.
573 3903 649 3972 Quod
664 3923 715 3957 esse
727 3921 817 3956 verum
868 3901 914 3967 (in
927 3900 1031 3956 Gruteri
1050 3902 1170 3976 lampad.
1188 3903 1243 3954 orit.
1254 3902 1320 3955 Vol.
1332 3905 1386 3966 V„

309 3987 349 4038 vel
366 4007 395 4039 ex
411 3987 460 4040 boo
475 3997 541 4058 patet
557 3982 627 4055 quod
641 3979 816 4044 beneficium,
867 4001 891 4052 p.
906 3982 956 4050 79)
987 3981 1015 4033 in
1039 3980 1193 4033 membranis
1220 3979 1384 4034 invenerat:

310 4063 384 4116 etiam
401 4084 427 4116 re
443 4082 500 4135 quae
517 4057 636 4116 beneficii
658 4057 762 4110 materia
782 4068 819 4108 est
868 4079 927 4129 oute
935 4062 1074 4128 proaemio
1085 4059 1133 4112 i.e.
1145 4058 1176 4110 ab
1187 4057 1275 4111 amieis
1289 4079 1386 4132 cogua-

309 4139 400 4206 ablata‚
411 4153 503 4215 perstet
512 4161 542 4195 se
553 4149 663 4193 maneat.
671 4136 737 4190 Tum
748 4153 820 4186 com·
870 4137 949 4200 tisve,
969 4136 997 4190 bi
1014 4137 1084 4190 enim
1101 4137 1162 4190 talia
1179 4135 1306 4190 beneficia
1323 4137 1384 4190 dare

310 4219 403 4294 putatio
413 4241 443 4275 ex
453 4219 532 4274 civica
542 4232 566 4272 et
575 4215 727 4272 mitioribus
738 4213 820 4268 donis.
869 4215 959 4269 solent.
974 4216 1033 4268 Jam
1053 4235 1131 4288 quum
1150 4214 1241 4270 rotula
1258 4233 1277 4268 o
1293 4215 1386 4269 multis
