<?xml version="1.0" encoding="UTF-8"?>
<!DOCTYPE html PUBLIC "-//W3C//DTD XHTML 1.0 Transitional//EN"
    "http://www.w3.org/TR/xhtml1/DTD/xhtml1-transitional.dtd">
<html xmlns="http://www.w3.org/1999/xhtml" xml:lang="en" lang="en">
 <head>
  <title>
</title>
<meta http-equiv="Content-Type" content="text/html;charset=utf-8" />
  <meta name='ocr-system' content='tesseract 3.04.00' />
  <meta name='ocr-capabilities' content='ocr_page ocr_carea ocr_par ocr_line ocrx_word'/>
</head>
<body>
  <div class='ocr_page' id='page_1' title='image "./lannsenecparspr02bouigoog_0324.png"; bbox 0 0 2966 4948; ppageno 0'>
   <div class='ocr_carea' id='block_1_1' title="bbox 213 678 1036 804">
    <p class='ocr_par' dir='ltr' id='par_1_1' title="bbox 213 678 1036 804">
     <span class='ocr_line' id='line_1_1' title="bbox 213 678 1036 804; baseline 0 -3"><span class='ocrx_word' id='word_1_1' title='bbox 213 682 279 801; x_wconf 86' lang='lat' dir='ltr'>L.</span> <span class='ocrx_word' id='word_1_2' title='bbox 324 678 620 802; x_wconf 85' lang='lat' dir='ltr'><strong>ANNAEI</strong></span> <span class='ocrx_word' id='word_1_3' title='bbox 669 679 1036 804; x_wconf 86' lang='lat' dir='ltr'><strong>SENECAE</strong></span> 
     </span>
    </p>
   </div>
   <div class='ocr_carea' id='block_1_2' title="bbox 619 956 664 1000">
    <p class='ocr_par' dir='ltr' id='par_1_2' title="bbox 619 956 664 1000">
     <span class='ocr_line' id='line_1_2' title="bbox 619 956 664 1000; baseline 0.044 -2"><span class='ocrx_word' id='word_1_4' title='bbox 619 956 664 1000; x_wconf 76' lang='grc' dir='ltr'>ΑΒ</span> 
     </span>
    </p>
   </div>
   <div class='ocr_carea' id='block_1_3' title="bbox 201 1137 1188 1575">
    <p class='ocr_par' dir='ltr' id='par_1_3' title="bbox 201 1137 1188 1575">
     <span class='ocr_line' id='line_1_3' title="bbox 333 1137 940 1218; baseline 0.007 -5"><span class='ocrx_word' id='word_1_5' title='bbox 333 1137 940 1218; x_wconf 53' lang='lat' dir='ltr'>intirmorum</span> 
     </span>
     <span class='ocr_line' id='line_1_4' title="bbox 201 1372 1188 1575; baseline 0.005 -4"><span class='ocrx_word' id='word_1_6' title='bbox 201 1424 341 1571; x_wconf 79' lang='lat' dir='ltr'>ou</span> <span class='ocrx_word' id='word_1_7' title='bbox 414 1424 1062 1575; x_wconf 76' lang='lat' dir='ltr'>ssuuurtcns</span> <span class='ocrx_word' id='word_1_8' title='bbox 1180 1372 1188 1388; x_wconf 81' lang='grc'><strong>’</strong></span> 
     </span>
    </p>
   </div>
   <div class='ocr_carea' id='block_1_4' title="bbox 507 2027 745 2054">
    <p class='ocr_par' dir='ltr' id='par_1_4' title="bbox 507 2027 745 2054">
     <span class='ocr_line' id='line_1_5' title="bbox 507 2027 745 2054; baseline 0 -4"><span class='ocrx_word' id='word_1_9' title='bbox 507 2027 745 2054; x_wconf 52' lang='grc' dir='ltr'>*ἢ</span> 
     </span>
    </p>
   </div>
   <div class='ocr_carea' id='block_1_5' title="bbox 142 2283 1170 2398">
    <p class='ocr_par' dir='ltr' id='par_1_5' title="bbox 142 2283 1170 2398">
     <span class='ocr_line' id='line_1_6' title="bbox 142 2283 1170 2398; baseline 0.006 -6"><span class='ocrx_word' id='word_1_10' title='bbox 142 2325 173 2392; x_wconf 93' lang='lat'>1.</span> <span class='ocrx_word' id='word_1_11' title='bbox 194 2283 325 2389; x_wconf 72' lang='lat' dir='ltr'>Ioron</span> <span class='ocrx_word' id='word_1_12' title='bbox 352 2323 474 2393; x_wconf 80' lang='lat' dir='ltr'>multos</span> <span class='ocrx_word' id='word_1_13' title='bbox 500 2350 541 2394; x_wconf 85' lang='lat' dir='ltr'>ac</span> <span class='ocrx_word' id='word_1_14' title='bbox 558 2327 669 2396; x_wconf 80' lang='lat' dir='ltr'>varios</span> <span class='ocrx_word' id='word_1_15' title='bbox 687 2351 820 2396; x_wconf 81' lang='lat' dir='ltr'>errores</span> <span class='ocrx_word' id='word_1_16' title='bbox 841 2344 967 2398; x_wconf 86' lang='lat' dir='ltr'>temere</span> <span class='ocrx_word' id='word_1_17' title='bbox 986 2331 1170 2398; x_wconf 87' lang='lat' dir='ltr'>viventium</span> 
     </span>
    </p>
   </div>
   <div class='ocr_carea' id='block_1_6' title="bbox 87 2433 1160 2652">
    <p class='ocr_par' dir='ltr' id='par_1_6' title="bbox 87 2433 1160 2652">
     <span class='ocr_line' id='line_1_7' title="bbox 88 2433 1158 2548; baseline 0.008 -43"><span class='ocrx_word' id='word_1_18' title='bbox 88 2439 351 2532; x_wconf 78' lang='lat' dir='ltr'>inconsulteque</span> <span class='ocrx_word' id='word_1_19' title='bbox 367 2451 397 2523; x_wconf 91' lang='lat'>¹,</span> <span class='ocrx_word' id='word_1_20' title='bbox 420 2441 509 2509; x_wconf 89' lang='lat' dir='ltr'>nihil</span> <span class='ocrx_word' id='word_1_21' title='bbox 524 2445 768 2538; x_wconf 85' lang='lat' dir='ltr'><strong>propemodum</strong></span> <span class='ocrx_word' id='word_1_22' title='bbox 785 2433 1006 2548; x_wconf 54' lang='lat' dir='ltr'>mdrgmuss,</span> <span class='ocrx_word' id='word_1_23' title='bbox 1034 2449 1158 2540; x_wconf 87' lang='lat' dir='ltr'>optime</span> 
     </span>
     <span class='ocr_line' id='line_1_8' title="bbox 87 2547 1160 2652; baseline 0.007 -28"><span class='ocrx_word' id='word_1_24' title='bbox 87 2547 297 2638; x_wconf 78' lang='lat' dir='ltr'>Liberalis³,</span> <span class='ocrx_word' id='word_1_25' title='bbox 317 2555 482 2642; x_wconf 83' lang='lat' dir='ltr'>dixerim,</span> <span class='ocrx_word' id='word_1_26' title='bbox 501 2584 601 2651; x_wconf 84' lang='lat' dir='ltr'>quum</span> <span class='ocrx_word' id='word_1_27' title='bbox 617 2559 709 2652; x_wconf 90' lang='lat' dir='ltr'>quod</span> <span class='ocrx_word' id='word_1_28' title='bbox 726 2561 891 2630; x_wconf 82' lang='lat' dir='ltr'>beneficia</span> <span class='ocrx_word' id='word_1_29' title='bbox 910 2585 974 2630; x_wconf 87' lang='lat' dir='ltr'>nec</span> <span class='ocrx_word' id='word_1_30' title='bbox 993 2562 1075 2631; x_wconf 82' lang='lat' dir='ltr'>dare</span> <span class='ocrx_word' id='word_1_31' title='bbox 1094 2566 1160 2631; x_wconf 78' lang='lat' dir='ltr'>eci-</span> 
     </span>
    </p>
   </div>
   <div class='ocr_carea' id='block_1_7' title="bbox 82 2765 1163 4267">
    <p class='ocr_par' dir='ltr' id='par_1_7' title="bbox 83 2765 1163 3562">
     <span class='ocr_line' id='line_1_9' title="bbox 121 2765 1160 2858; baseline -0.002 -23"><span class='ocrx_word' id='word_1_32' title='bbox 121 2765 228 2836; x_wconf 74' lang='lat' dir='ltr'>L&#39;Aro</span> <span class='ocrx_word' id='word_1_33' title='bbox 241 2781 360 2836; x_wconf 79' lang='lat' dir='ltr'>Introitna</span> <span class='ocrx_word' id='word_1_34' title='bbox 376 2782 487 2853; x_wconf 77' lang='lat' dir='ltr'>pertinet</span> <span class='ocrx_word' id='word_1_35' title='bbox 501 2783 598 2858; x_wconf 76' lang='lat' dir='ltr'>adcep.</span> <span class='ocrx_word' id='word_1_36' title='bbox 648 2784 747 2836; x_wconf 75' lang='lat' dir='ltr'>alteriue</span> <span class='ocrx_word' id='word_1_37' title='bbox 759 2804 837 2836; x_wconf 78' lang='lat' dir='ltr'>manu</span> <span class='ocrx_word' id='word_1_38' title='bbox 849 2783 977 2858; x_wconf 80' lang='lat' dir='ltr'>adpictum</span> <span class='ocrx_word' id='word_1_39' title='bbox 989 2804 1059 2848; x_wconf 68' lang='lat' dir='ltr'>orte,</span> <span class='ocrx_word' id='word_1_40' title='bbox 1082 2781 1160 2835; x_wconf 77' lang='lat' dir='ltr'>exhi-</span> 
     </span>
     <span class='ocr_line' id='line_1_10' title="bbox 84 2856 1159 2935; baseline 0.002 -23"><span class='ocrx_word' id='word_1_41' title='bbox 84 2863 109 2912; x_wconf 82' lang='lat' dir='ltr'>V</span> <span class='ocrx_word' id='word_1_42' title='bbox 121 2881 130 2914; x_wconf 73' lang='grc' dir='ltr'>ε</span> <span class='ocrx_word' id='word_1_43' title='bbox 141 2860 186 2912; x_wconf 80' lang='lat' dir='ltr'>nbi</span> <span class='ocrx_word' id='word_1_44' title='bbox 196 2879 273 2931; x_wconf 80' lang='lat' dir='ltr'>quum</span> <span class='ocrx_word' id='word_1_45' title='bbox 281 2856 432 2932; x_wconf 79' lang='lat' dir='ltr'>exposuisset</span> <span class='ocrx_word' id='word_1_46' title='bbox 440 2861 471 2912; x_wconf 86' lang='lat' dir='ltr'>de</span> <span class='ocrx_word' id='word_1_47' title='bbox 481 2861 547 2915; x_wconf 91' lang='lat' dir='ltr'>mala</span> <span class='ocrx_word' id='word_1_48' title='bbox 555 2862 597 2916; x_wconf 86' lang='lat' dir='ltr'>be·</span> <span class='ocrx_word' id='word_1_49' title='bbox 647 2862 730 2914; x_wconf 86' lang='lat' dir='ltr'>bente.</span> <span class='ocrx_word' id='word_1_50' title='bbox 742 2861 861 2915; x_wconf 80' lang='lat' dir='ltr'>Erasmus</span> <span class='ocrx_word' id='word_1_51' title='bbox 874 2864 1017 2924; x_wconf 77' lang='lat' dir='ltr'><em>nocentius,</em></span> <span class='ocrx_word' id='word_1_52' title='bbox 1032 2861 1159 2935; x_wconf 80' lang='lat' dir='ltr'>Rudolph.</span> 
     </span>
     <span class='ocr_line' id='line_1_11' title="bbox 83 2935 1160 3014; baseline 0.002 -25"><span class='ocrx_word' id='word_1_53' title='bbox 83 2936 241 2990; x_wconf 86' lang='lat' dir='ltr'>neficiorum</span> <span class='ocrx_word' id='word_1_54' title='bbox 254 2935 419 2990; x_wconf 71' lang='lat' dir='ltr'>collocatione</span> <span class='ocrx_word' id='word_1_55' title='bbox 432 2957 528 3008; x_wconf 77' lang='lat' dir='ltr'>neuque</span> <span class='ocrx_word' id='word_1_56' title='bbox 542 2959 600 3011; x_wconf 88' lang='lat' dir='ltr'>pra·</span> <span class='ocrx_word' id='word_1_57' title='bbox 647 2940 766 3014; x_wconf 78' lang='lat' dir='ltr'>Agricola</span> <span class='ocrx_word' id='word_1_58' title='bbox 777 2943 888 3009; x_wconf 75' lang='lat' dir='ltr'>turpius,</span> <span class='ocrx_word' id='word_1_59' title='bbox 898 2941 1057 3003; x_wconf 82' lang='lat' dir='ltr'>invexerunt,</span> <span class='ocrx_word' id='word_1_60' title='bbox 1069 2960 1082 2990; x_wconf 93' lang='lat' dir='ltr'>e</span> <span class='ocrx_word' id='word_1_61' title='bbox 1094 2959 1160 2991; x_wconf 90' lang='lat' dir='ltr'>cou-</span> 
     </span>
     <span class='ocr_line' id='line_1_12' title="bbox 84 3014 1162 3090; baseline 0.005 -25"><span class='ocrx_word' id='word_1_62' title='bbox 84 3038 139 3082; x_wconf 77' lang='lat' dir='ltr'>ro,</span> <span class='ocrx_word' id='word_1_63' title='bbox 165 3015 199 3068; x_wconf 82' lang='lat' dir='ltr'>ad</span> <span class='ocrx_word' id='word_1_64' title='bbox 224 3015 396 3068; x_wconf 74' lang='lat' dir='ltr'>tractationem</span> <span class='ocrx_word' id='word_1_65' title='bbox 416 3015 447 3067; x_wconf 79' lang='lat' dir='ltr'>d&#39;e</span> <span class='ocrx_word' id='word_1_66' title='bbox 469 3014 599 3070; x_wconf 78' lang='lat' dir='ltr'>beneficiis</span> <span class='ocrx_word' id='word_1_67' title='bbox 647 3017 742 3090; x_wconf 76' lang='lat' dir='ltr'>iectura</span> <span class='ocrx_word' id='word_1_68' title='bbox 762 3019 827 3087; x_wconf 81' lang='lat' dir='ltr'>Quoe</span> <span class='ocrx_word' id='word_1_69' title='bbox 842 3019 945 3089; x_wconf 84' lang='lat' dir='ltr'>quidem</span> <span class='ocrx_word' id='word_1_70' title='bbox 959 3017 1085 3071; x_wconf 69' lang='lat' dir='ltr'>vacillatio</span> <span class='ocrx_word' id='word_1_71' title='bbox 1099 3019 1162 3072; x_wconf 84' lang='lat' dir='ltr'>indi·</span> 
     </span>
     <span class='ocr_line' id='line_1_13' title="bbox 83 3092 1162 3169; baseline 0.002 -23"><span class='ocrx_word' id='word_1_72' title='bbox 83 3095 188 3147; x_wconf 75' lang='lat' dir='ltr'>transit.</span> <span class='ocrx_word' id='word_1_73' title='bbox 201 3095 231 3146; x_wconf 89' lang='lat' dir='ltr'>ln</span> <span class='ocrx_word' id='word_1_74' title='bbox 242 3093 292 3146; x_wconf 79' lang='lat' dir='ltr'>hoc</span> <span class='ocrx_word' id='word_1_75' title='bbox 305 3114 365 3146; x_wconf 83' lang='lat' dir='ltr'>vero</span> <span class='ocrx_word' id='word_1_76' title='bbox 376 3092 456 3165; x_wconf 77' lang='lat' dir='ltr'>cipite</span> <span class='ocrx_word' id='word_1_77' title='bbox 469 3093 600 3169; x_wconf 88' lang='lat' dir='ltr'>peculiari·</span> <span class='ocrx_word' id='word_1_78' title='bbox 653 3115 708 3148; x_wconf 90' lang='lat' dir='ltr'>care</span> <span class='ocrx_word' id='word_1_79' title='bbox 717 3095 815 3147; x_wconf 86' lang='lat' dir='ltr'>videtur</span> <span class='ocrx_word' id='word_1_80' title='bbox 825 3136 832 3163; x_wconf 85' lang='lat'>,</span> <span class='ocrx_word' id='word_1_81' title='bbox 844 3096 905 3148; x_wconf 80' lang='lat' dir='ltr'>viris</span> <span class='ocrx_word' id='word_1_82' title='bbox 917 3096 996 3149; x_wconf 82' lang='lat' dir='ltr'>doctis</span> <span class='ocrx_word' id='word_1_83' title='bbox 1007 3096 1073 3149; x_wconf 86' lang='lat' dir='ltr'>hanc</span> <span class='ocrx_word' id='word_1_84' title='bbox 1086 3117 1162 3150; x_wconf 90' lang='lat' dir='ltr'>com-</span> 
     </span>
     <span class='ocr_line' id='line_1_14' title="bbox 84 3171 1159 3248; baseline -0.002 -22"><span class='ocrx_word' id='word_1_85' title='bbox 84 3189 124 3227; x_wconf 84' lang='lat' dir='ltr'>ter</span> <span class='ocrx_word' id='word_1_86' title='bbox 147 3174 179 3226; x_wconf 81' lang='lat' dir='ltr'>de</span> <span class='ocrx_word' id='word_1_87' title='bbox 199 3173 291 3245; x_wconf 74' lang='lat' dir='ltr'>ingrati</span> <span class='ocrx_word' id='word_1_88' title='bbox 311 3172 390 3225; x_wconf 87' lang='lat' dir='ltr'>animi</span> <span class='ocrx_word' id='word_1_89' title='bbox 411 3173 507 3226; x_wconf 66' lang='lat' dir='ltr'>duabus</span> <span class='ocrx_word' id='word_1_90' title='bbox 524 3171 604 3226; x_wconf 72' lang='lat' dir='ltr'>causis</span> <span class='ocrx_word' id='word_1_91' title='bbox 653 3173 808 3246; x_wconf 87' lang='lat' dir='ltr'>parationem</span> <span class='ocrx_word' id='word_1_92' title='bbox 822 3172 923 3240; x_wconf 86' lang='lat' dir='ltr'>deberi,</span> <span class='ocrx_word' id='word_1_93' title='bbox 935 3172 1018 3244; x_wconf 89' lang='lat' dir='ltr'>utqui</span> <span class='ocrx_word' id='word_1_94' title='bbox 1033 3185 1159 3248; x_wconf 83' lang='lat' dir='ltr'>putarent,</span> 
     </span>
     <span class='ocr_line' id='line_1_15' title="bbox 84 3250 1162 3324; baseline 0 -20"><span class='ocrx_word' id='word_1_95' title='bbox 84 3253 182 3324; x_wconf 75' lang='lat' dir='ltr'>agitur,</span> <span class='ocrx_word' id='word_1_96' title='bbox 196 3271 285 3324; x_wconf 80' lang='lat' dir='ltr'>nempe</span> <span class='ocrx_word' id='word_1_97' title='bbox 294 3250 469 3304; x_wconf 83' lang='lat' dir='ltr'>temeritateiu</span> <span class='ocrx_word' id='word_1_98' title='bbox 482 3250 605 3304; x_wconf 81' lang='lat' dir='ltr'>collocen-</span> <span class='ocrx_word' id='word_1_99' title='bbox 652 3250 770 3302; x_wconf 76' lang='lat' dir='ltr'>voculas:</span> <span class='ocrx_word' id='word_1_100' title='bbox 788 3251 857 3305; x_wconf 68' lang='lat' dir='ltr'>nituit</span> <span class='ocrx_word' id='word_1_101' title='bbox 873 3254 1062 3321; x_wconf 82' lang='lat' dir='ltr'>propemodum</span> <span class='ocrx_word' id='word_1_102' title='bbox 1078 3272 1162 3305; x_wconf 86' lang='lat' dir='ltr'>carere</span> 
     </span>
     <span class='ocr_line' id='line_1_16' title="bbox 85 3327 1162 3403; baseline 0.004 -24"><span class='ocrx_word' id='word_1_103' title='bbox 85 3331 126 3382; x_wconf 74' lang='lat' dir='ltr'>elis</span> <span class='ocrx_word' id='word_1_104' title='bbox 138 3327 285 3394; x_wconf 78' lang='lat' dir='ltr'>beneficiis,</span> <span class='ocrx_word' id='word_1_105' title='bbox 300 3342 324 3382; x_wconf 90' lang='lat' dir='ltr'>et</span> <span class='ocrx_word' id='word_1_106' title='bbox 337 3329 513 3386; x_wconf 74' lang='lat' dir='ltr'>immobilibus</span> <span class='ocrx_word' id='word_1_107' title='bbox 527 3329 605 3381; x_wconf 79' lang='lat' dir='ltr'>morit</span> <span class='ocrx_word' id='word_1_108' title='bbox 653 3348 707 3381; x_wconf 90' lang='lat' dir='ltr'>non</span> <span class='ocrx_word' id='word_1_109' title='bbox 725 3349 795 3402; x_wconf 80' lang='lat' dir='ltr'>posse</span> <span class='ocrx_word' id='word_1_110' title='bbox 812 3328 855 3381; x_wconf 89' lang='lat' dir='ltr'>tali</span> <span class='ocrx_word' id='word_1_111' title='bbox 874 3329 986 3398; x_wconf 77' lang='lat' dir='ltr'>adjecto,</span> <span class='ocrx_word' id='word_1_112' title='bbox 1013 3341 1036 3382; x_wconf 91' lang='lat' dir='ltr'>et</span> <span class='ocrx_word' id='word_1_113' title='bbox 1055 3330 1162 3403; x_wconf 85' lang='lat' dir='ltr'>proinde</span> 
     </span>
     <span class='ocr_line' id='line_1_17' title="bbox 84 3405 1162 3480; baseline 0.002 -20"><span class='ocrx_word' id='word_1_114' title='bbox 84 3408 181 3480; x_wconf 77' lang='lat' dir='ltr'>quibua</span> <span class='ocrx_word' id='word_1_115' title='bbox 195 3405 313 3460; x_wconf 84' lang='lat' dir='ltr'>beneficii</span> <span class='ocrx_word' id='word_1_116' title='bbox 325 3407 431 3480; x_wconf 88' lang='lat' dir='ltr'>pretium</span> <span class='ocrx_word' id='word_1_117' title='bbox 443 3406 562 3460; x_wconf 86' lang='lat' dir='ltr'>imminui</span> <span class='ocrx_word' id='word_1_118' title='bbox 571 3406 605 3458; x_wconf 88' lang='lat' dir='ltr'>vi·</span> <span class='ocrx_word' id='word_1_119' title='bbox 653 3407 694 3461; x_wconf 83' lang='lat' dir='ltr'>vel</span> <span class='ocrx_word' id='word_1_120' title='bbox 706 3411 855 3478; x_wconf 69' lang='lat' dir='ltr'>indignius,</span> <span class='ocrx_word' id='word_1_121' title='bbox 872 3407 912 3461; x_wconf 73' lang='lat' dir='ltr'>vel</span> <span class='ocrx_word' id='word_1_122' title='bbox 925 3413 1043 3479; x_wconf 80' lang='lat' dir='ltr'>turpius,</span> <span class='ocrx_word' id='word_1_123' title='bbox 1056 3410 1097 3464; x_wconf 82' lang='lat' dir='ltr'>vel</span> <span class='ocrx_word' id='word_1_124' title='bbox 1110 3431 1162 3462; x_wconf 84' lang='lat' dir='ltr'>no-</span> 
     </span>
     <span class='ocr_line' id='line_1_18' title="bbox 83 3488 1163 3562; baseline 0 -22"><span class='ocrx_word' id='word_1_125' title='bbox 83 3489 172 3540; x_wconf 85' lang='lat' dir='ltr'>detur.</span> <span class='ocrx_word' id='word_1_126' title='bbox 650 3493 763 3554; x_wconf 84' lang='lat' dir='ltr'>centius,</span> <span class='ocrx_word' id='word_1_127' title='bbox 777 3489 818 3541; x_wconf 87' lang='lat' dir='ltr'>vel</span> <span class='ocrx_word' id='word_1_128' title='bbox 822 3489 922 3556; x_wconf 78' lang='lat' dir='ltr'>soedius</span> <span class='ocrx_word' id='word_1_129' title='bbox 937 3488 1098 3550; x_wconf 76' lang='lat' dir='ltr'>infulcircnt,</span> <span class='ocrx_word' id='word_1_130' title='bbox 1113 3508 1163 3562; x_wconf 83' lang='lat' dir='ltr'>pa-</span> 
     </span>
    </p>

    <p class='ocr_par' dir='ltr' id='par_1_8' title="bbox 82 3562 1163 3950">
     <span class='ocr_line' id='line_1_19' title="bbox 124 3562 1161 3633; baseline -0.001 -17"><span class='ocrx_word' id='word_1_131' title='bbox 124 3585 148 3617; x_wconf 83' lang='lat' dir='ltr'>r.</span> <span class='ocrx_word' id='word_1_132' title='bbox 164 3564 512 3633; x_wconf 79' lang='lat' dir='ltr'>Temere....·inoousu1teque·</span> <span class='ocrx_word' id='word_1_133' title='bbox 525 3562 601 3632; x_wconf 83' lang='lat' dir='ltr'>Quia</span> <span class='ocrx_word' id='word_1_134' title='bbox 651 3584 705 3617; x_wconf 89' lang='lat' dir='ltr'>rum</span> <span class='ocrx_word' id='word_1_135' title='bbox 721 3565 815 3620; x_wconf 70' lang='lat' dir='ltr'>scilicet</span> <span class='ocrx_word' id='word_1_136' title='bbox 828 3563 930 3618; x_wconf 86' lang='lat' dir='ltr'>solliciti</span> <span class='ocrx_word' id='word_1_137' title='bbox 945 3576 1070 3618; x_wconf 82' lang='lat' dir='ltr'>auctorem</span> <span class='ocrx_word' id='word_1_138' title='bbox 1084 3586 1116 3617; x_wconf 88' lang='lat' dir='ltr'>an</span> <span class='ocrx_word' id='word_1_139' title='bbox 1129 3565 1161 3616; x_wconf 89' lang='lat' dir='ltr'>li·</span> 
     </span>
     <span class='ocr_line' id='line_1_20' title="bbox 83 3641 1163 3718; baseline -0.002 -22"><span class='ocrx_word' id='word_1_140' title='bbox 83 3643 292 3718; x_wconf 71' lang='lat' dir='ltr'>proficientibus.</span> <span class='ocrx_word' id='word_1_141' title='bbox 305 3644 381 3715; x_wconf 86' lang='lat' dir='ltr'>quid,</span> <span class='ocrx_word' id='word_1_142' title='bbox 397 3643 491 3714; x_wconf 84' lang='lat' dir='ltr'>quoda</span> <span class='ocrx_word' id='word_1_143' title='bbox 503 3641 602 3714; x_wconf 80' lang='lat' dir='ltr'>eapien-</span> <span class='ocrx_word' id='word_1_144' title='bbox 651 3643 760 3697; x_wconf 84' lang='lat' dir='ltr'>brarium</span> <span class='ocrx_word' id='word_1_145' title='bbox 773 3645 799 3697; x_wconf 90' lang='lat' dir='ltr'>in</span> <span class='ocrx_word' id='word_1_146' title='bbox 813 3645 930 3697; x_wconf 83' lang='lat' dir='ltr'>ordinem</span> <span class='ocrx_word' id='word_1_147' title='bbox 944 3657 1079 3716; x_wconf 79' lang='lat' dir='ltr'>cogerent,</span> <span class='ocrx_word' id='word_1_148' title='bbox 1093 3643 1163 3696; x_wconf 85' lang='lat' dir='ltr'>ideo·</span> 
     </span>
     <span class='ocr_line' id='line_1_21' title="bbox 83 3720 1162 3794; baseline -0.002 -20"><span class='ocrx_word' id='word_1_149' title='bbox 83 3724 172 3790; x_wconf 75' lang='lat' dir='ltr'>tibur,</span> <span class='ocrx_word' id='word_1_150' title='bbox 197 3721 336 3775; x_wconf 72' lang='lat' dir='ltr'>seeundum</span> <span class='ocrx_word' id='word_1_151' title='bbox 354 3722 447 3794; x_wconf 73' lang='lat' dir='ltr'>dogma</span> <span class='ocrx_word' id='word_1_152' title='bbox 466 3720 599 3784; x_wconf 84' lang='lat' dir='ltr'>Stoicum,</span> <span class='ocrx_word' id='word_1_153' title='bbox 651 3742 699 3793; x_wconf 89' lang='lat' dir='ltr'>que</span> <span class='ocrx_word' id='word_1_154' title='bbox 708 3723 791 3794; x_wconf 80' lang='lat' dir='ltr'>legum</span> <span class='ocrx_word' id='word_1_155' title='bbox 803 3723 946 3776; x_wconf 77' lang='lat' dir='ltr'>criticorum</span> <span class='ocrx_word' id='word_1_156' title='bbox 952 3722 1019 3775; x_wconf 84' lang='lat' dir='ltr'>haud</span> <span class='ocrx_word' id='word_1_157' title='bbox 1029 3740 1162 3773; x_wconf 81' lang='lat' dir='ltr'>memores.</span> 
     </span>
     <span class='ocr_line' id='line_1_22' title="bbox 82 3798 1160 3876; baseline -0.006 -21"><span class='ocrx_word' id='word_1_158' title='bbox 82 3803 198 3855; x_wconf 86' lang='lat' dir='ltr'>multum</span> <span class='ocrx_word' id='word_1_159' title='bbox 214 3802 322 3868; x_wconf 78' lang='lat' dir='ltr'>abeunt,</span> <span class='ocrx_word' id='word_1_160' title='bbox 340 3801 420 3874; x_wconf 80' lang='lat' dir='ltr'>i&#39;uqoe</span> <span class='ocrx_word' id='word_1_161' title='bbox 439 3813 599 3876; x_wconf 89' lang='lat' dir='ltr'>opponuntur</span> <span class='ocrx_word' id='word_1_162' title='bbox 683 3802 706 3852; x_wconf 80' lang='lat'>3.</span> <span class='ocrx_word' id='word_1_163' title='bbox 720 3799 862 3854; x_wconf 75' lang='lat' dir='ltr'>Liberalis.</span> <span class='ocrx_word' id='word_1_164' title='bbox 884 3799 1006 3853; x_wconf 80' lang='lat' dir='ltr'>AEbutiue</span> <span class='ocrx_word' id='word_1_165' title='bbox 1026 3798 1160 3860; x_wconf 77' lang='lat' dir='ltr'>Liberalis,</span> 
     </span>
     <span class='ocr_line' id='line_1_23' title="bbox 83 3877 1162 3950; baseline -0.002 -20"><span class='ocrx_word' id='word_1_166' title='bbox 83 3878 217 3950; x_wconf 86' lang='lat' dir='ltr'>imperiti,</span> <span class='ocrx_word' id='word_1_167' title='bbox 230 3878 307 3932; x_wconf 71' lang='lat' dir='ltr'>stulti.</span> <span class='ocrx_word' id='word_1_168' title='bbox 649 3879 689 3931; x_wconf 81' lang='lat' dir='ltr'>vir</span> <span class='ocrx_word' id='word_1_169' title='bbox 702 3877 793 3934; x_wconf 73' lang='lat' dir='ltr'>illustri</span> <span class='ocrx_word' id='word_1_170' title='bbox 809 3879 865 3948; x_wconf 83' lang='lat' dir='ltr'>loco</span> <span class='ocrx_word' id='word_1_171' title='bbox 878 3892 950 3932; x_wconf 79' lang='lat' dir='ltr'>natus</span> <span class='ocrx_word' id='word_1_172' title='bbox 965 3882 975 3944; x_wconf 95' lang='lat'><strong>(</strong></span> <span class='ocrx_word' id='word_1_173' title='bbox 983 3896 1042 3930; x_wconf 87' lang='lat' dir='ltr'>uam</span> <span class='ocrx_word' id='word_1_174' title='bbox 1056 3877 1162 3928; x_wconf 77' lang='lat' dir='ltr'>AEbutia</span> 
     </span>
    </p>

    <p class='ocr_par' dir='ltr' id='par_1_9' title="bbox 82 3955 1162 4267">
     <span class='ocr_line' id='line_1_24' title="bbox 121 3955 1162 4034; baseline -0.007 -22"><span class='ocrx_word' id='word_1_175' title='bbox 121 3983 144 4014; x_wconf 84' lang='lat'>2.</span> <span class='ocrx_word' id='word_1_176' title='bbox 164 3961 307 4030; x_wconf 71' lang='lat' dir='ltr'>Indiguius</span> <span class='ocrx_word' id='word_1_177' title='bbox 328 3980 357 4013; x_wconf 79' lang='lat' dir='ltr'>ex</span> <span class='ocrx_word' id='word_1_178' title='bbox 375 3980 426 4013; x_wconf 87' lang='lat' dir='ltr'>uno</span> <span class='ocrx_word' id='word_1_179' title='bbox 450 3961 523 4034; x_wconf 81' lang='lat' dir='ltr'>palat.</span> <span class='ocrx_word' id='word_1_180' title='bbox 545 3959 600 4013; x_wconf 89' lang='lat' dir='ltr'>cod.</span> <span class='ocrx_word' id='word_1_181' title='bbox 652 3977 715 4030; x_wconf 74' lang='lat' dir='ltr'>gens</span> <span class='ocrx_word' id='word_1_182' title='bbox 726 3957 802 4010; x_wconf 84' lang='lat' dir='ltr'>etiam</span> <span class='ocrx_word' id='word_1_183' title='bbox 813 3959 916 4030; x_wconf 76' lang='lat' dir='ltr'>rigente</span> <span class='ocrx_word' id='word_1_184' title='bbox 927 3957 1067 4031; x_wconf 83' lang='lat' dir='ltr'>Republica</span> <span class='ocrx_word' id='word_1_185' title='bbox 1078 3955 1162 4007; x_wconf 87' lang='lat' dir='ltr'>incla-</span> 
     </span>
     <span class='ocr_line' id='line_1_25' title="bbox 82 4035 1157 4109; baseline -0.001 -20"><span class='ocrx_word' id='word_1_186' title='bbox 82 4038 153 4109; x_wconf 82' lang='lat' dir='ltr'>apud</span> <span class='ocrx_word' id='word_1_187' title='bbox 166 4037 304 4089; x_wconf 87' lang='lat' dir='ltr'>Gruterum</span> <span class='ocrx_word' id='word_1_188' title='bbox 317 4059 374 4090; x_wconf 92' lang='lat' dir='ltr'>cum</span> <span class='ocrx_word' id='word_1_189' title='bbox 389 4037 522 4090; x_wconf 81' lang='lat' dir='ltr'>Gronovio</span> <span class='ocrx_word' id='word_1_190' title='bbox 537 4036 601 4089; x_wconf 85' lang='lat' dir='ltr'>reti·</span> <span class='ocrx_word' id='word_1_191' title='bbox 650 4041 735 4109; x_wconf 84' lang='lat' dir='ltr'>ruit),</span> <span class='ocrx_word' id='word_1_192' title='bbox 759 4051 782 4092; x_wconf 89' lang='lat' dir='ltr'>et</span> <span class='ocrx_word' id='word_1_193' title='bbox 801 4037 945 4091; x_wconf 75' lang='lat' dir='ltr'>ditissimus.</span> <span class='ocrx_word' id='word_1_194' title='bbox 959 4035 998 4087; x_wconf 86' lang='lat' dir='ltr'>De</span> <span class='ocrx_word' id='word_1_195' title='bbox 1012 4056 1041 4089; x_wconf 91' lang='lat' dir='ltr'>eo</span> <span class='ocrx_word' id='word_1_196' title='bbox 1055 4035 1157 4088; x_wconf 72' lang='lat' dir='ltr'>Confer.</span> 
     </span>
     <span class='ocr_line' id='line_1_26' title="bbox 83 4114 1157 4192; baseline -0.004 -24"><span class='ocrx_word' id='word_1_197' title='bbox 83 4117 144 4168; x_wconf 87' lang='lat' dir='ltr'>nui:</span> <span class='ocrx_word' id='word_1_198' title='bbox 157 4116 229 4178; x_wconf 79' lang='lat' dir='ltr'>aliie,</span> <span class='ocrx_word' id='word_1_199' title='bbox 241 4117 348 4169; x_wconf 85' lang='lat' dir='ltr'>Grutero</span> <span class='ocrx_word' id='word_1_200' title='bbox 360 4129 462 4169; x_wconf 87' lang='lat' dir='ltr'>notoute</span> <span class='ocrx_word' id='word_1_201' title='bbox 474 4156 481 4184; x_wconf 85' lang='lat'>‚</span> <span class='ocrx_word' id='word_1_202' title='bbox 491 4117 532 4168; x_wconf 80' lang='lat' dir='ltr'>vel</span> <span class='ocrx_word' id='word_1_203' title='bbox 544 4137 600 4169; x_wconf 90' lang='lat' dir='ltr'>om·</span> <span class='ocrx_word' id='word_1_204' title='bbox 651 4119 746 4170; x_wconf 77' lang='lat' dir='ltr'>Seneca</span> <span class='ocrx_word' id='word_1_205' title='bbox 756 4118 817 4192; x_wconf 82' lang='lat' dir='ltr'>ipse,</span> <span class='ocrx_word' id='word_1_206' title='bbox 831 4118 899 4190; x_wconf 80' lang='lat' dir='ltr'>epist.</span> <span class='ocrx_word' id='word_1_207' title='bbox 909 4129 953 4169; x_wconf 85' lang='lat' dir='ltr'>cxt</span> <span class='ocrx_word' id='word_1_208' title='bbox 965 4154 972 4180; x_wconf 89' lang='lat'>‚</span> <span class='ocrx_word' id='word_1_209' title='bbox 986 4135 1055 4187; x_wconf 76' lang='lat' dir='ltr'>capp·</span> <span class='ocrx_word' id='word_1_210' title='bbox 1070 4134 1078 4165; x_wconf 92' lang='grc' dir='ltr'>ι</span> <span class='ocrx_word' id='word_1_211' title='bbox 1093 4127 1117 4165; x_wconf 91' lang='lat' dir='ltr'>et</span> <span class='ocrx_word' id='word_1_212' title='bbox 1128 4114 1157 4180; x_wconf 85' lang='lat'>3,</span> 
     </span>
     <span class='ocr_line' id='line_1_27' title="bbox 84 4190 1158 4267; baseline -0.001 -23"><span class='ocrx_word' id='word_1_213' title='bbox 84 4195 151 4246; x_wconf 80' lang='lat' dir='ltr'>nino</span> <span class='ocrx_word' id='word_1_214' title='bbox 164 4193 354 4260; x_wconf 73' lang='lat' dir='ltr'>omittentibus,</span> <span class='ocrx_word' id='word_1_215' title='bbox 367 4195 405 4247; x_wconf 83' lang='lat' dir='ltr'>rel</span> <span class='ocrx_word' id='word_1_216' title='bbox 420 4194 469 4248; x_wconf 81' lang='lat' dir='ltr'>alio</span> <span class='ocrx_word' id='word_1_217' title='bbox 479 4201 561 4262; x_wconf 77' lang='lat' dir='ltr'>pejus,</span> <span class='ocrx_word' id='word_1_218' title='bbox 576 4208 599 4247; x_wconf 86' lang='lat' dir='ltr'>at</span> <span class='ocrx_word' id='word_1_219' title='bbox 649 4195 663 4262; x_wconf 72' lang='lat' dir='ltr'>S</span> <span class='ocrx_word' id='word_1_220' title='bbox 677 4195 706 4246; x_wconf 80' lang='lat'>13</span> <span class='ocrx_word' id='word_1_221' title='bbox 718 4215 725 4260; x_wconf 84' lang='lat'><strong>;</strong></span> <span class='ocrx_word' id='word_1_222' title='bbox 739 4197 863 4266; x_wconf 73' lang='lat' dir='ltr'>etpraesat.</span> <span class='ocrx_word' id='word_1_223' title='bbox 878 4193 930 4266; x_wconf 80' lang='lat' dir='ltr'>huj.</span> <span class='ocrx_word' id='word_1_224' title='bbox 940 4191 1016 4258; x_wconf 86' lang='lat' dir='ltr'>libri,</span> <span class='ocrx_word' id='word_1_225' title='bbox 1031 4190 1158 4267; x_wconf 48' lang='grc' dir='ltr'>φῦλα)</span> 
     </span>
    </p>
   </div>
   <div class='ocr_carea' id='block_1_8' title="bbox 0 0 1488 4948">
    <p class='ocr_par' dir='ltr' id='par_1_10' title="bbox 0 0 1488 4948">
     <span class='ocr_line' id='line_1_28' title="bbox 0 0 1488 4948; baseline 0 2"><span class='ocrx_word' id='word_1_226' title='bbox 0 0 1488 4948; x_wconf 95' lang='lat' dir='ltr'> </span> 
     </span>
    </p>
   </div>
  </div>
 </body>
</html>
