2976 4950
426 505 522 572 LIB.
548 503 631 590 III,
658 507 767 573 CAP.
794 505 906 574 VIII.
1138 513 1206 609 4¹9

134 633 369 704 misericordia
395 634 555 728 impulit,
582 657 717 728 regere.
746 637 875 730 Ingrati
899 639 987 706 notio
1017 654 1111 709 n0n¹
1130 659 1206 714 erut
1229 657 1244 708 5

129 751 283 846 judicem
302 752 496 846 alligatura,
513 751 572 821 eod
590 776 699 847 regno
711 753 887 823 liberrimo
900 758 1085 848 ponituru².
1108 762 1206 853 Quid

135 873 180 939 sit
193 873 284 940 enirn
298 871 522 952 beneficium,
541 893 610 940 non
629 887 759 938 oonetnt
776 897 784 938 ι
802 871 926 940 deinde
944 894 1205 966 quantumcum-

134 1013 203 1082 que
221 991 286 1073 sit,
303 989 409 1056 refert
427 1009 530 1079 quarn
544 987 694 1080 benigne
710 986 796 1055 iIIud
819 989 1064 1083 interpretetur
1081 995 1201 1088 judex.

135 1103 233 1195 Quid
246 1105 291 1172 eit
303 1103 478 1196 ingratus,
494 1101 587 1169 nulla
600 1101 653 1168 lex
669 1118 843 1170 monstrat.
859 1105 955 1198 Saepe
969 1123 1004 1175 et
1016 1109 1076 1200 qui
1090 1110 1207 1179 reddi-

135 1218 189 1287 dit
204 1218 294 1312 qnod
306 1219 459 1320 aceepit,
473 1219 628 1310 ingrntue
646 1233 698 1285 est
713 1245 722 1303 3
739 1234 774 1286 et
787 1221 846 1311 qui
859 1245 928 1288 non
942 1221 1114 1308 reddidit,
1132 1252 1207 1322 grn-

128 1355 203 1406 tue.
235 1341 287 1404 De
322 1333 524 1428 quibusdam
559 1336 660 1402 etiam
686 1336 864 1428 imperitus
898 1337 1000 1428 juder
1033 1339 1204 1413 dimittere

133 1453 293 1523 tubeIInm
308 1443 444 1546 potest³
469 1450 556 1519 :ubi
574 1451 714 1533 fecisse,
737 1469 795 1522 aut
819 1477 889 1522 non
915 1455 1034 1526 fecisse
1058 1481 1205 1552 pronun·

133 1569 288 1640 tiendum
301 1585 373 1651 eet,
393 1569 441 1636 ibi
459 1567 599 1660 prolatis
615 1567 827 1636 cautionibus
837 1563 872 1650 ⁴,
890 1575 1118 1642 controversia
1134 1575 1205 1644 tol-

133 1687 229 1755 litur.
246 1686 313 1755 Ubi
325 1709 408 1752 vero
419 1685 510 1752 inter
520 1683 731 1778 disputantes
739 1685 825 1752 ratio
837 1677 848 1720 ⁵
856 1685 914 1777 jue
924 1685 1024 1772 dicit,
1039 1689 1086 1758 ibi
1097 1693 1203 1760 enimi
1227 1709 1244 1761 6

131 1803 328 1896 conjectura
345 1798 510 1894 capienda
530 1815 578 1869 eet
601 1825 608 1866 ι
631 1799 691 1866 ubi
709 1799 768 1884 id,
784 1798 828 1867 de
845 1796 937 1892 quo⁶
952 1802 1023 1871 eoin
1038 1793 1203 1900 eapientin

132 1920 308 2001 decernit,
330 1919 366 1984 in
387 1915 650 1986 controversiam
677 1915 819 1998 inridit,
843 1941 912 1985 non
932 1935 1043 2012 potent
1065 1921 1109 1991 nd
1131 1923 1203 1993 haee

132 2035 220 2102 numi
228 2031 334 2126 judex
345 2055 384 2100 ex
399 2030 497 2098 turba
511 2029 729 2118 selectorum,
744 2051 845 2120 quem
860 2054 981 2100 oeneus
995 2034 1051 2100 in²
1062 2036 1199 2122 album,

130 2167 168 2220 et
186 2151 353 2243 equestris
366 2138 562 2216 hereditas⁸
577 2147 679 2214 misit.

152 2295 157 2306 ·
182 2266 275 2334 VIII.
292 2265 410 2358 Itaque
426 2286 495 2332 non
508 2263 581 2336 baec
594 2286 716 2355 parum
730 2261 853 2331 idonee
867 2286 920 2332 ree
936 2267 1008 2335 visa
1027 2283 1100 2348 eet,
1126 2293 1201 2361 quoe

169 2477 371 2530 rErotdInetue
379 2487 433 2530 not.
443 2493 501 2527 mee.
511 2477 642 2527 «sorbent.
691 2473 801 2545 ideoque
813 2473 845 2526 de
855 2495 882 2527 re
894 2495 952 2546 qne
964 2475 1030 2528 iuter
1042 2475 1140 2528 animos
1152 2494 1202 2547 ge-

131 2557 207 2610 Nibil
224 2569 309 2608 tamen
321 2565 423 2606 muto.»
440 2551 495 2604 Nec
507 2570 569 2623 opus
582 2561 625 2602 eet.
691 2551 768 2618 titur,
782 2549 894 2620 indicere
906 2561 995 2624 potest.

166 2655 189 2686 π.
200 2635 306 2704 Ingrati
315 2634 382 2684 aetio
383 2665 424 2682 .....
433 2633 559 2697 posituro.
573 2627 643 2695 Quin
723 2628 748 2682 6.
764 2627 819 2681 tlu·
827 2629 875 2692 id,
888 2631 994 2698 dequo,
1004 2641 1052 2682 ete.
1065 2631 1155 2684 Sermo
1165 2647 1202 2685 eet

129 2711 241 2764 formul·
253 2730 268 2762 e
279 2721 384 2782 praetore
396 2704 522 2778 praeteribi
534 2725 586 2759 non
598 2726 643 2779 po·
690 2705 805 2758 decanea
816 2706 933 2779 publice,
945 2727 1022 2778 quarn
1033 2726 1079 2760 not
1090 2710 1143 2762 sere
1153 2711 1201 2764 eri·

129 2801 208 2854 teret,
222 2786 321 2860 legibus
338 2785 429 2858 qnippe
447 2781 638 2848 deficientibus,
689 2784 811 2837 minalem
823 2783 931 2840 dicimus
936 2785 982 2854 ,in
993 2805 1042 2858 qua
1047 2789 1151 2853 judicer
1160 2809 1200 2844 re-

129 2889 178 2922 nee
188 2868 214 2920 vi
223 2865 342 2920 benefitii
353 2866 496 2920 constitute.
687 2865 754 2928 lecti,
763 2862 819 2936 Iege
829 2863 912 2933 juliae
921 2865 1086 2919 senatoribus
1093 2879 1116 2920 et
1123 2868 1200 2940 Equi·

162 2948 186 3000 3.
198 2945 242 3000 De
251 2945 571 3014 quidmdam.......potesl.
582 2943 605 2996 1.
616 2964 638 2996 e.
688 2941 754 2996 tibur
770 2942 855 2996 selecti
872 2943 939 2996 etin
954 2945 978 2998 V
996 2943 1109 2998 decuriae
1123 2948 1199 3002 diviti

128 3023 203 3078 effari
217 3037 242 3076 et
258 3022 413 3094 pervuigere.
429 3022 497 3074 Sane
510 3020 592 3074 soient
610 3041 639 3074 ex
688 3021 815 3087 (Suetou.
824 3020 906 3096 Cniig.
915 3023 961 3089 rb)
972 3025 1123 3078 sententiam
1135 3028 1198 3082 Iere-
1222 3065 1226 3076 ,

127 3102 222 3156 tabella
234 3101 329 3174 judices
346 3099 496 3153 sententium
513 3100 637 3172 proferre,
687 3098 758 3163 bent,
771 3099 866 3152 similes
878 3099 1025 3172 Anglorum
1035 3101 1167 3174 Jurymen
1176 3125 1196 3159 t.

128 3181 199 3254 quod
219 3192 254 3232 eet
272 3191 370 3232 notum.
393 3177 445 3230 Sed
465 3190 490 3230 et
511 3175 556 3248 qui
573 3175 639 3229 inter
686 3189 831 3229 nostrornm
839 3175 976 3231 luteecs.
983 3179 1088 3234 Sueten.
1099 3181 1153 3235 JuI.
1164 3183 1194 3250 41

127 3261 212 3334 piures
228 3256 344 3309 tabellam
361 3257 427 3323 fert,
442 3255 547 3308 dimittit
562 3273 636 3320 eam,
686 3256 758 3309 elev.
770 3255 826 3308 cic.
841 3255 962 3324 Qutertio.

128 3359 206 3412 quarn
216 3351 264 3391 ute
270 3336 346 3390 tradit
353 3336 489 3404 Qnaeeitori
497 3375 503 3402 ,
511 3336 564 3387 eive
572 3335 638 3388 Ρη-
720 3355 743 3402 7.
759 3334 894 3386 Centurio
904 3335 1004 3387 aidum.
1016 3330 1117 3396 Census
1126 3356 1197 3391 sene·

128 3418 186 3471 tori.
199 3415 271 3470 Dixit
281 3414 380 3468 Porum
392 3415 545 3482 Latrosme
556 3415 638 3467 tubu-
686 3412 764 3465 torino
771 3411 799 3464 in
808 3413 898 3465 album
907 3450 914 3477 ,
922 3412 1033 3464 tabulam
1044 3433 1062 3464 e.
1075 3413 1197 3478 indicem,

127 3499 185 3548 lam
202 3513 241 3567 ep.
258 3493 382 3545 Senecam
401 3504 498 3560 patrem
517 3489 638 3544 controv.
686 3489 767 3554 misit,
778 3489 821 3543 nbi
833 3489 930 3562 judiees
939 3490 1024 3563 scripti
1035 3503 1114 3548 erant.

128 3569 636 3642 VII,8:judexquemtulittabelhmde
719 3565 1195 3638 &Equestrishereditas.erirumque

127 3669 189 3714 reo,
204 3667 321 3702 revocare
335 3667 389 3700 non
405 3658 503 3720 potest3
519 3647 638 3717 quasitot
686 3645 764 3718 igitur
773 3647 863 3700 docere
875 3658 972 3720 poterat
982 3666 1008 3701 se
1017 3647 1196 3720 quadringinta

127 3747 182 3780 non
193 3725 300 3778 mutabit
312 3725 559 3800 pronunciationem.
685 3726 795 3778 sestertia
807 3725 944 3796 possidere,
953 3725 1002 3778 tuit
1013 3746 1095 3796 eques,
1104 3747 1124 3777 e.
1133 3746 1197 3796 quo-

162 3805 184 3868 4.
199 3803 376 3856 cantrom'bus.
385 3799 428 3854 sic
436 3803 554 3854 dicuntur
563 3800 638 3874 serip-
685 3826 734 3877 que
746 3805 846 3858 luetron
861 3805 971 3858 Censore
984 3805 1011 3858 in
1023 3805 1109 3858 album
1123 3805 1195 3874 equi-

126 3895 190 3934 turae
209 3880 284 3953 ipso,
298 3879 393 3952 quihus·
408 3879 525 3939 creditori
539 3878 637 3932 debitor
685 3895 738 3935 tum
753 3882 844 3936 relatur
857 3896 900 3935 eo.
915 3883 955 3934 Gt,
968 3881 1046 3936 ovid.
1062 3883 1109 3948 ΙΙΙ,
1122 3883 1194 3954 Eleg.

126 3971 198 4012 reret
209 3979 285 4029 seque
296 3957 438 4030 obstringit.
686 3961 716 4026 8,
729 3960 760 4013 56
772 3961 899 4014 Amorum
910 3979 917 4014 :
931 3961 996 4012 «dat
1008 3980 1096 4013 census
1106 3960 1196 4012 bono-

160 4040 182 4090 5.
193 4035 284 4088 Ratio.
298 4035 364 4102 Quae
375 4034 444 4106 leges
455 4034 566 4105 requitur
578 4035 637 4086 for-
685 4057 732 4092 ree.
744 4038 807 4091 Inde
820 4038 903 4110 gravis
913 4037 989 4107 judex
996 4073 1005 4102 ,
1022 4037 1081 4090 inde
1093 4057 1194 4092 severus

125 4113 272 4185 mulumque
283 4113 360 4186 juris,
371 4112 395 4165 ei
410 4116 540 4182 sapientia
551 4132 636 4186 oppo-
685 4135 769 4186 eques.
781 4137 794 4162 r
815 4115 883 4167 Plin.
904 4117 937 4168 II.
958 4117 990 4168 N.
1007 4115 1068 4168 xlv
1084 4117 1154 4186 pref.
1168 4124 1195 4168 eI

125 4193 216 4247 nitur:
232 4193 285 4248 baee
307 4192 339 4244 ad
360 4191 453 4264 dogma
471 4191 585 4246 Stoicum
605 4190 635 4243 de
685 4192 814 4259 XXXIII,
829 4213 850 4245 ι.

123 4272 237 4343 rapiente
253 4284 346 4344 spectet
356 4308 363 4337 ,
380 4290 437 4342 que
457 4271 488 4324 de
508 4267 636 4324 benefieiis
718 4269 1133 4323 Vltimusummilaborisren
1141 4291 1192 4324 eree
