2976 4950
426 466 527 534 sm.
554 466 618 550 11,
644 465 758 532 eur.
786 465 946 536 xxxi
1164 470 1230 563 397

147 621 291 682 cerem,
310 611 346 664 et
368 598 450 690 quie
465 592 674 688 loquendum
691 593 823 687 aliquid
839 594 882 664 de
903 597 1035 690 mugnis
1052 595 1230 668 beneficiis

149 730 248 797 eret,
268 739 373 808 quum
388 712 431 783 de
449 715 588 812 minutis
602 713 821 804 loqueremur
841 735 850 778 t
873 728 909 782 et
926 715 1008 806 quia
1021 712 1102 783 inde
1116 731 1230 785 manet

148 832 251 900 etiam
276 833 314 900 in
332 841 475 900 eaetem¹
495 827 598 922 hujus
621 826 831 896 detestabilis
860 830 961 896 vitii²
980 829 1137 899 audacio.
1163 833 1228 900 Cui

149 949 242 1016 enim
261 943 484 1041 respondebit
496 959 592 1039 grute
602 994 612 1026 ‚
623 943 717 1036 quod
730 967 852 1012 munus
867 945 1072 1014 existimabit
1085 961 1144 1016 aut
1154 970 1225 1016 me·
1301 933 1320 966 '¹

149 1087 255 1155 gnum
272 1113 288 1146 ,
302 1077 362 1132 aut
378 1058 618 1141 reddendum,
651 1059 711 1150 qui
730 1083 860 1128 summa
880 1059 1049 1131 beneficia
1067 1063 1229 1157 spernit?

148 1178 214 1245 Cui
232 1179 400 1265 salutem,
421 1179 477 1248 cui
494 1177 651 1270 spiritum
667 1173 829 1258 debebit,
854 1177 914 1268 qui
931 1177 1035 1246 vitam
1051 1178 1225 1272 accepisse

148 1319 185 1364 se
197 1318 220 1363 s
233 1295 301 1364 diis
314 1312 439 1390 neget,
456 1319 558 1387 quam
573 1290 727 1386 quotidie
741 1290 786 1360 ab
799 1291 867 1360 iilis
881 1294 966 1387 petit
978 1297 993 1362 t
1005 1295 1224 1389 Quicumque

147 1434 231 1502 ergo
251 1427 364 1506 gratos
378 1435 454 1480 esse
467 1408 588 1492 docet,
604 1423 638 1476 et
651 1408 829 1477 bominum
843 1433 975 1478 causam
991 1413 1084 1505 agit,
1099 1428 1133 1482 et
1147 1413 1226 1482 deo-

146 1549 223 1593 rum
241 1552 249 1593 :
270 1527 396 1620 quibus
413 1525 541 1595 nullius
561 1526 613 1592 rei
633 1522 892 1618 indigentibus,
912 1527 1032 1620 positis
1051 1543 1143 1596 extra
1161 1527 1223 1597 de-

145 1637 334 1722 siderium,
359 1640 490 1708 referre
516 1636 740 1706 nibilominus
762 1642 905 1733 gretiam
929 1666 1117 1736 possumus.
1146 1645 1224 1711 Non

143 1772 218 1838 est,
237 1756 331 1850 quod
346 1758 525 1850 quisquam
543 1755 794 1823 excusationem
808 1759 933 1826 mentis
953 1759 1095 1854 ingrate
1108 1759 1152 1828 eb
1173 1761 1224 1828 in-

143 1871 305 1940 firmitate
321 1887 424 1964 atque
437 1869 659 1963 inopiapetut
669 1919 680 1952 ,
692 1885 727 1938 et
739 1868 831 1940 dieat
848 1896 856 1939 ι
874 1871 971 1965 Quid
983 1875 1075 1942 enim
1086 1875 1219 1958 faciam,

142 2001 179 2054 et
201 1983 403 2078 quomodo?
428 1980 566 2077 quando
593 1971 845 2076 superioribus,
868 1983 1083 2080 dominisque
1107 2011 1221 2056 rerum

142 2103 294 2170 omnium
312 2103 456 2195 gratiam
473 2099 649 2170 reseram?
674 2099 819 2169 Referre
839 2101 938 2170 facile
956 2119 1028 2186 est,
1056 2105 1084 2172 si
1100 2126 1221 2170 avarus

142 2243 204 2300 es,
227 2220 301 2287 sine
319 2214 493 2313 impendio
514 2243 522 2284 ι
547 2218 573 2284 si
592 2217 710 2297 iners,
733 2218 806 2285 siue
825 2242 929 2312 opere
944 2213 970 2286 ³.
999 2217 1125 2288 Eodem
1140 2221 1220 2310 qui-

141 2335 221 2404 dem
241 2351 437 2415 momento,
465 2355 533 2424 quo
549 2330 719 2424 obligatus
741 2356 800 2416 es,
828 2334 856 2401 si
872 2335 946 2414 vis,
971 2359 1047 2402 cum
1067 2332 1220 2426 quolibet

140 2455 240 2548 peria
258 2446 389 2522 fecisti⁴
408 2477 416 2518 ε
435 2449 596 2544 quoniam
610 2449 670 2541 qui
690 2449 838 2518 libenter
854 2450 1063 2522 beneficium
1073 2453 1218 2546 accepit,

138 2564 304 2639 reddidit.

191 2683 328 2754 XXXI.
346 2683 420 2751 Hoc
439 2703 478 2748 ex
497 2668 700 2773 paradoxis⁵
716 2678 836 2746 Stoicae
854 2693 953 2748 seetae
966 2681 1107 2750 minime
1120 2685 1223 2754 miro·

138 2985 206 3038 riam
217 2979 471 3051 benedigressionem
481 2977 558 3029 fuisse
567 2976 599 3029 de
605 2976 654 3028 mi·
735 2973 946 3048 4.Poriastcisti
956 2976 972 3028 i.
983 2997 1005 3029 e.
1016 2977 1157 3032 rationibus
1165 2979 1221 3032 red·

138 3062 208 3116 nutis
218 3053 342 3114 locuturo.
356 3059 442 3127 Quam
450 3055 521 3108 enim
531 3053 562 3105 de
571 3053 653 3126 parvis
704 3052 875 3125 ditis,reiiqua
889 3053 958 3106 nulla
970 3067 1013 3107 est.

138 3139 249 3212 gratiam
260 3135 394 3189 habiturus
407 3147 452 3197 est,
463 3134 487 3185 si
496 3145 551 3206 post
559 3152 653 3206 magne
735 3129 832 3182 xxxi.
841 3135 911 3184 Anu.
924 3131 1016 3184 Fusius
1026 3151 1095 3184 nune
1103 3132 1216 3206 explieat,

137 3231 240 3290 accepta
254 3217 366 3289 ingratus
385 3213 462 3267 suerit
474 3209 487 3264 ?
498 3212 567 3264 Dein
579 3209 653 3265 reddi
702 3210 900 3282 aggrediturque
915 3209 1086 3264 demonstrare
1097 3211 1165 3281 quod
1176 3229 1217 3262 su·

136 3296 278 3359 beneficia,
289 3296 334 3350 ubi
346 3295 453 3348 libenter
464 3293 620 3366 accipiuntur
630 3304 655 3344 et
702 3287 808 3360 perieris
820 3284 992 3360 cap-finejom
1003 3287 1160 3352 dictumsuit,
1168 3287 1218 3340 be-

138 3389 213 3452 grato
224 3377 319 3429 animo.
703 3365 841 3426 nebcium,
860 3363 907 3417 ubi
919 3383 948 3416 eo
961 3363 1048 3417 animo
1060 3387 1111 3438 quo
1127 3365 1215 3432 datur,

175 3477 196 3510 ι.
208 3455 308 3509 Monet
315 3456 396 3506 etiem
406 3454 434 3504 r'n
444 3459 543 3504 catere.
555 3447 598 3502 sic
608 3469 656 3522 op-
703 3443 842 3514 accipitur,
854 3443 906 3510 jam
917 3442 1005 3506 reddi;
1021 3443 1216 3515 Stoicorumque

137 3533 193 3586 timi
201 3533 275 3587 codd.
285 3532 356 3585 Pinc.
365 3543 390 3582 et
398 3529 471 3582 Grut.
480 3527 563 3580 Antea
573 3543 579 3578 :
591 3531 656 3579 inter
687 3553 689 3556 ·
705 3524 799 3598 dogma
815 3522 908 3576 auxilio
919 3536 993 3576 vocat
1006 3524 1052 3594 qui
1058 3525 1089 3577 ad
1101 3526 1216 3578 animum

136 3612 245 3668 cetMox
255 3622 310 3662 este
321 3609 445 3662 codNaa.
454 3614 503 3657 out
511 3623 651 3672 magnum,
704 3601 790 3654 omnia
798 3601 916 3652 referunt
928 3601 1000 3653 idem
1011 3601 1043 3652 de
1052 3614 1122 3672 grato
1129 3603 1215 3655 animo

137 3707 217 3762 quum
230 3686 350 3740 aiibiout
360 3685 463 3736 deesset.
704 3679 916 3754 dicipotestquod
926 3678 957 3732 de
972 3679 1074 3750 pietate,
1087 3677 1152 3746 fide,
1164 3679 1215 3752 jus·

171 3787 193 3819 2.
206 3767 299 3833 Hujus
312 3763 472 3818 detestabilis
482 3762 549 3822 vitri,
561 3757 653 3833 ingrati
703 3757 764 3810 titia.
776 3756 855 3828 Atqui
865 3755 952 3808 omniu
966 3755 1020 3809 baee
1031 3755 1059 3808 in
1068 3770 1152 3810 mente
1164 3777 1215 3810 esse

137 3844 237 3908 animi;
254 3851 332 3913 negat
348 3839 466 3912 Epicurei
483 3837 576 3890 assecla
588 3877 595 3905 ,
608 3836 653 3908 qui
702 3835 758 3908 quis
775 3832 869 3907 negat?
878 3833 1019 3908 Indignum
1030 3848 1066 3887 est
1082 3835 1103 3886 si
1114 3836 1171 3907 quis
1182 3837 1215 3888 ad

136 3923 231 3975 Densa
244 3939 303 3973 eura
319 3918 399 3970 nostri
408 3929 535 3984 removet,
547 3913 616 3968 casui
628 3927 653 3968 et
700 3913 841 3966 Fortunam
853 3913 993 3965 remittatur
1011 3925 1039 3965 ut
1054 3931 1141 3966 sensus
1156 3934 1214 3968 suos

136 4000 228 4052 atomis
241 3996 328 4050 omnia
341 3993 472 4070 permittit.
702 4003 796 4044 exserat
808 4004 834 4044 et
843 3987 977 4064 significet.

71 4129 75 4138 ,
169 4078 238 4131 3.Sa'
249 4081 336 4142 iners,
356 4079 413 4128 sine
432 4093 519 4143 opero.
537 4073 652 4125 iduretus
735 4071 757 4124 5.
769 4067 819 4121 Ex
825 4069 986 4136 paradoxis.
1000 4065 1143 4130 Paradene,
1156 4089 1214 4141 quse

136 4155 348 4210 restituitdntea:
356 4157 382 4207 si
393 4157 462 4206 iners
472 4171 558 4221 opem.
569 4151 652 4207 codd.
701 4160 761 4200 suut
773 4158 860 4199 contra
870 4144 1018 4217 opinionem
1028 4145 1145 4198 omnium
1156 4147 1213 4213 ,in-

135 4255 176 4308 ap.
190 4233 264 4288 Grut.
280 4234 306 4286 si
319 4234 392 4284 ineas
405 4249 519 4301 operam.
702 4225 789 4300 primis
799 4223 944 4298 spectabant
960 4223 992 4275 ad
1005 4222 1149 4296 sapientem.
1158 4223 1213 4298 ipsa
