2976 4944
477 445 652 514 CAPUT
674 445 744 513 XI.
1101 471 1144 538 79

85 571 196 638 centies
219 587 356 666 egestas
382 573 508 642 fuiti]
528 599 642 650 nunc,
665 590 700 642 et
724 591 805 669 puta
830 574 982 679 pecuniae
1006 570 1146 639 modum

86 683 201 752 adrem
219 687 427 778 pertinere,
448 711 516 756 non
535 690 639 756 animi
655 702 679 755 ¹.
794 707 796 712 ’

126 803 180 870 xl.
202 803 412 872 Sestertium
436 807 565 874 centies
585 806 709 897 aliquis
727 805 903 884 extimuit,
925 815 959 870 et
979 801 1070 894 quod
1087 803 1145 872 alii
1174 829 1184 860 ι

87 931 152 983 roto
171 931 313 1010 petunt,
336 943 476 988 veneno
495 921 604 1014 fugit,
632 921 683 988 illi
700 943 782 988 vero
801 935 868 986 tam
885 941 998 1011 pravae
1023 918 1162 986 mentis·
1250 933 1256 940 '

87 1031 197 1098 bomini
214 1031 338 1100 ultima
353 1035 450 1127 potio
465 1034 686 1103 saluberrima
703 1033 780 1102 fuit.
801 1033 901 1102 Tunc
914 1054 1045 1100 venena
1062 1031 1146 1100 ede-

85 1147 133 1216 bat
147 1147 356 1243 bibebatque
373 1201 383 1234 ,
401 1161 506 1244 qu'um
525 1127 698 1220 immensis
714 1150 824 1244 epulis
837 1173 906 1218 non
919 1147 1147 1220 delectaretur

85 1275 220 1344 nutum,
249 1263 314 1332 scd
346 1265 575 1360 gloriaretur,
605 1288 709 1356 quum
738 1265 821 1331 vitia
845 1285 905 1332 sua
936 1277 1142 1346 ostentaret,

84 1403 176 1470 quum
204 1382 386 1452 civitatem
412 1385 448 1452 in
476 1383 643 1452 luxuriam
667 1405 760 1450 suam
783 1392 1016 1461 converteret,
1040 1403 1145 1471 quum

80 1497 278 1587 juventutem
306 1500 354 1570 ad
385 1503 605 1570 imitationem
634 1501 685 1569 sui
716 1498 931 1578 sollicitaret,
953 1498 1053 1566 etiam
1071 1499 1145 1565 sine

84 1613 168 1681 malis
189 1616 358 1709 exemplis
389 1637 452 1711 per
476 1641 513 1686 se
540 1615 696 1684 docilem.
726 1617 807 1683 lloec
829 1613 988 1683 accidunt
1011 1613 1145 1682 divitias

84 1753 142 1796 uon
162 1730 204 1798 ad
229 1735 405 1802 rationem
431 1733 690 1813 revocantibus,
713 1732 810 1822 cujus
828 1733 913 1799 certi
937 1747 1016 1800 sunt
1035 1731 1142 1818 fines,

83 1847 134 1913 sed
151 1847 194 1914 ad
211 1851 373 1920 vitiosam
389 1850 689 1931 cousuetudinem,
710 1849 806 1941 cujus
826 1849 1025 1916 immensum
1040 1863 1075 1916 et
1092 1850 1146 1917 in-

83 1965 386 2058 comprehensibile
398 1973 411 2004 ²
422 1968 600 2036 arbitrium
615 1982 677 2034 est.
691 1964 876 2058 Cupiditati
892 1964 978 2032 nibil
989 1968 1144 2034 satisest:
1172 1995 1186 2026 π

83 2097 201 2150 naturae
228 2085 313 2155 satis
345 2099 397 2151 est
418 2085 519 2152 etiam
544 2107 676 2176 parum.
704 2081 842 2149 Nullum
860 2105 942 2174 ergo
965 2097 1146 2175 paupertas

83 2192 220 2267 exsulis³
249 2200 504 2270 incommodum
529 2200 633 2268 habet
657 2199 816 2267 :nullum
842 2199 932 2267 enim
958 2215 1022 2267 tam
1048 2201 1145 2295 inops

84 2317 229 2385 exsilium
247 2334 322 2402 est,
341 2318 434 2411 quod
447 2343 519 2386 non
532 2314 654 2385 alendo
668 2315 797 2383 bomini
812 2314 947 2383 abunde
963 2316 1073 2384 fertile
1085 2316 1142 2383 sit.
1168 2311 1170 2316 ’

86 2457 99 2490 α
119 2431 160 2498 At
172 2449 326 2516 vestem,
349 2459 393 2501 an
408 2425 571 2500 domum⁴
590 2429 844 2498 desideraturus
857 2445 909 2498 est
927 2430 1048 2498 exsul?
1070 2457 1087 2494 u
1109 2431 1145 2499 si

84 2543 148 2612 baec
163 2571 306 2639 quoque
324 2546 369 2616 ad
387 2571 484 2615 usum
503 2561 632 2613 tantum
646 2542 873 2626 desiderabit,
890 2568 1002 2636 neque
1020 2560 1144 2612 tectum

82 2661 109 2726 ei
127 2661 262 2746 doerit,
284 2687 399 2755 neque
425 2661 604 2730 velamen:
626 2683 722 2752 aeque
750 2661 841 2728 enim
870 2660 991 2754 exiguo
1018 2663 1146 2756 tegitur

82 2799 216 2868 corpus,
240 2801 345 2868 quam
365 2777 469 2845 alitur
481 2773 495 2860 ς’
507 2775 595 2844 nihil
613 2774 742 2842 bomini
761 2789 902 2856 natura,
919 2773 1011 2865 quod
1024 2799 1144 2844 neces-

112 2965 487 3026 1.Pecauioemodttm....non
497 2969 589 3019 admi.
638 2964 758 3017 invexerit
770 2985 776 3016 ε
791 2964 889 3018 bomini
902 2966 970 3018 enim
982 2967 1065 3040 frugi,
1082 2929 1153 3022 sicut¹

82 3041 241 3114 ll.e.qaiasit
251 3043 365 3115 pecunia
371 3043 473 3108 modus,
482 3062 534 3096 non
545 3042 589 3094 in·
637 3053 732 3094 nature
744 3081 751 3107 ‚
764 3061 868 3115 parvum
877 3045 936 3096 satis
949 3057 991 3096 est.

82 3133 162 3185 terest3
176 3123 240 3193 quis
249 3122 352 3186 animo,
365 3123 467 3176 interest
477 3124 588 3190 (adrem
670 3141 693 3172 a.
705 3120 972 3189 Immprebensebtle.
993 3124 1054 3174 Non
1075 3125 1145 3194 quod

81 3201 176 3254 tuerat
195 3199 269 3254 idem
289 3213 327 3254 est
340 3221 369 3254 ac
392 3201 538 3275 simpliciter
549 3205 589 3254 in·
637 3199 790 3274 impossibile
807 3197 994 3276 est'intelligit,
1011 3201 1056 3254 sed
1075 3203 1143 3272 quod

81 3285 165 3340 terest,
178 3290 214 3336 ut
224 3276 322 3330 Gallice
333 3277 401 3330 idem
410 3279 508 3331 valent:
525 3278 588 3332 Celo
636 3277 796 3331 nullomodo
809 3280 1006 3352 comprehendi,
1020 3282 1144 3335 contineri

81 3373 108 3406 ne
115 3353 171 3418 firit
180 3357 253 3420 ra'enj.
267 3355 588 3429 vet,cetafnesattffrtma
636 3369 723 3431 potest.

81 3433 193 3505 l'offm’re
208 3436 229 3500 )·
250 3435 317 3508 Ergo
333 3455 419 3488 sensus
436 3455 494 3490 oum
507 3437 589 3490 ironia
670 3435 1144 3491 3.Exsulisllel'erendabtecvoanon

82 3513 126 3566 levi
137 3527 178 3566 est
189 3533 198 3567 ι
208 3533 285 3588 perge
296 3533 366 3566 nune
374 3551 383 3579 ,
392 3515 515 3582 'demum
528 3537 588 3592 opes
638 3511 671 3564 ad
684 3514 885 3576 incommodum,
896 3513 940 3566 sed
950 3514 982 3566 acl
989 3527 1142 3584 paupertas,

82 3589 193 3654 laudare,
203 3603 229 3644 et
238 3591 323 3654 die,ut
331 3606 398 3655 aute,
408 3594 544 3648 hominum
551 3595 590 3647 in-
638 3591 719 3662 qnasi·
729 3591 868 3646 diceretur:
877 3615 891 3638 κ
902 3592 975 3644 Nihil
987 3593 1144 3647 incommodi

82 3681 168 3722 teresse
176 3689 300 3741 nonque
311 3672 402 3724 mentia
414 3673 478 3724 ratio
488 3674 535 3737 ait,
545 3675 590 3727 aed
637 3681 767 3741 paupertas
779 3670 901 3723 exsulanti
913 3671 1012 3723 aller-t.»

82 3749 132 3818 quis
143 3767 254 3804 censos,
273 3769 326 3802 non
338 3762 400 3820 quot
411 3750 529 3815 virtutes,
545 3752 589 3803 red
670 3749 915 3816 4.Atvestem,an
929 3749 1143 3817 dommn.Quum
1204 3800 1207 3810 ,

82 3841 139 3896 quot
147 3826 260 3880 nummi.
273 3827 294 3878 1
298 3845 406 3880 πω...
413 3831 506 3880 ammi.
518 3827 589 3882 Bene
637 3823 744 3896 objectio
751 3823 788 3889 fit,
797 3825 885 3880 reduxi
892 3825 959 3899 prius
970 3838 1005 3879 ot·
1014 3829 1095 3880 Antea
1104 3845 1144 3902 ap.

82 3926 94 3956 a
107 3907 182 3958 Grnt.
196 3904 303 3974 aliisque
319 3925 333 3956 e
345 3904 419 3958 codd.
432 3907 567 3978 repositum
580 3929 586 3960 ς
639 3903 726 3954 Erasm
738 3903 817 3968 alios,
828 3903 960 3957 Sobottum
972 3918 997 3956 et
1006 3903 1063 3976 Bip.
1071 3925 1142 3956 um...

84 3982 107 4034 iu
118 3980 223 4036 Eraami
234 3981 273 4034 ed.
283 3996 397 4057 corrupta
408 3983 535 4058 leguntur.
636 3967 680 4033 a..
690 3981 706 4032 J
709 4020 715 4032 .
727 3981 763 4032 Μ.
774 3982 917 4056 Heusinger
923 3983 1041 4036 Emendd
1048 4005 1072 4056 p.
1084 3983 1142 4049 238,

112 4061 238 4116 XLAau.
249 4059 302 4111 Nec
308 4073 437 4132 paupertas
453 4061 536 4116 ullum
548 4081 589 4115 ea·
636 4058 749 4112 mavult:
760 4061 914 4113 Ar.....ar.....
926 4060 939 4114 ?
952 4061 1004 4114 Sed
1020 4062 1069 4114 hoc
1090 4079 1145 4114 non

83 4140 123 4192 suli
135 4139 330 4194 incommodum
342 4139 434 4207 babet,
448 4142 525 4196 modo
535 4163 589 4198 non
637 4155 698 4208 ⁰p¹¹³
707 4149 756 4190 ⁸³¹2
766 4155 825 4188 mm
838 4141 866 4189 *l
877 4159 914 4190 ⁰1¹
926 4139 1085 4193 Ῑοοοτοῧσυὶ
1092 4141 1144 4191 fre·

82 4222 192 4272 animum
208 4221 356 4294 applicuerit
365 4222 478 4294 iis,qua
490 4224 587 4277 luxuria
637 4227 742 4297 quenter
752 4215 859 4287 ponitur·
