2954 4926
429 463 525 535 mn.
553 473 604 554 v,
631 467 735 534 car.
762 463 854 531 xx.
1115 458 1183 527 ses

102 599 177 666 Hoc
194 595 367 662 tamenitu
379 593 585 669 beneficium
599 614 672 680 est,
686 599 714 664 si
731 620 799 664 non
814 591 1056 662 misericordiae
1070 605 1105 658 et
1117 591 1183 658 hun

102 713 259 779 manituti
273 708 353 779 dedi
366 761 375 795 ‚
389 727 428 780 ut
442 714 621 804 quodlibet
636 713 781 786 cadaver
794 708 1041 780 absconderem
1055 759 1064 790 ,
1082 708 1144 777 scd
1153 709 1181 775 si

103 852 229 923 corpus
244 830 387 922 agnovi,
402 830 431 897 si
448 831 519 900 filio
534 848 615 902 tunc
632 833 698 901 hoc
710 844 871 925 praestare
889 849 944 893 me
960 825 1119 918 cogitavi.
1138 824 1183 892 At

102 943 132 1009 si
150 957 277 1012 terram
295 945 412 1038 ignoto
426 964 559 1017 mortuo
573 948 677 1040 injeci
692 950 717 1027 ¹,
738 941 869 1010 nullum
884 939 996 1008 babeo
1014 938 1118 1030 hujus
1133 939 1183 1006 of·

103 1061 175 1126 ficii
197 1059 410 1143 debitorem,
432 1064 470 1130 in
486 1065 662 1156 publicum
687 1062 893 1130 humanus².
916 1057 1017 1126 Dicet
1033 1055 1178 1148 aliquis,
1208 1070 1223 1122 5

102 1174 201 1267 Quid
212 1192 390 1268 tantopere
403 1179 527 1269 quaeris
535 1230 546 1264 ‚
559 1181 615 1248 cui
627 1177 763 1247 dederis
777 1174 983 1243 beneficium
996 1222 1005 1254 ,
1021 1188 1182 1262 tanquam

103 1291 314 1381 repetiturus
332 1289 544 1382 aliquando?
560 1295 647 1363 Sunt
663 1292 723 1385 qui
742 1313 916 1380 nunquam
931 1284 1090 1379 judicant
1107 1309 1181 1353 esse

103 1404 354 1496 repetendum,
372 1422 406 1473 et
425 1408 486 1475 has
502 1432 619 1477 causas
635 1405 795 1476 afferunt.
816 1401 984 1495 Indignus
1003 1402 1105 1468 etiam
1121 1423 1182 1468 re-

101 1525 234 1614 petenti
256 1547 325 1591 non
345 1523 489 1593 reddet:
504 1526 629 1620 dignus
643 1505 792 1618 ipseper
810 1545 846 1590 se
861 1519 996 1588 referet.
1011 1521 1183 1587 Praeterca

102 1641 133 1706 si
152 1640 243 1708 bono
260 1641 334 1708 viro
352 1639 498 1724 dedisti,
515 1658 691 1735 exspecta3
708 1663 752 1707 ne
765 1637 926 1730 injuriam
940 1635 992 1703 illi
1005 1636 1107 1703 iacias
1119 1659 1183 1727 np-

101 1756 286 1847 pciiando‚
305 1772 464 1848 tanquam
485 1781 555 1826 non
574 1759 693 1826 fuisset
706 1779 766 1823 sua
786 1768 906 1846 sponte
925 1750 1138 1834 redditurus3
1152 1751 1182 1817 si

101 1873 193 1941 maio
212 1874 285 1941 viro
300 1871 444 1958 dedisti,
460 1875 610 1967 plectere
621 1867 648 1941 ³.
667 1872 875 1944 Beneficium
889 1855 995 1937 verbo
1009 1891 1053 1936 ne
1067 1891 1183 1937 corru-
1207 1883 1225 1934 6
1267 1943 1269 1948 ,

100 1992 217 2082 peris,
241 1989 409 2060 creditum
427 1990 599 2062 faciendo.
618 1994 807 2069 Praeterea,
825 1988 876 2055 lex
892 1986 985 2078 quod
1002 2009 1071 2053 non
1080 1986 1184 2078 jussit

101 2107 237 2198 repeti,
257 2089 366 2174 vetuit
377 2099 404 2172 ⁴.
419 2109 509 2175 Vera
523 2122 602 2176 sunt
619 2109 700 2192 ista3
718 2104 881 2198 quamdiu
896 2127 949 2172 me
965 2103 1053 2170 nihii
1067 2122 1180 2197 urget,

102 2221 270 2313 quamdiu
296 2223 433 2293 fortuna
455 2224 543 2292 nihil
571 2225 683 2316 cogit,
711 2237 825 2314 petam
842 2221 957 2312 potius
976 2219 1183 2288 beneficium

102 2362 208 2430 quam
230 2357 381 2431 repetam
400 2367 407 2406 :
428 2341 488 2408 sed
505 2342 534 2408 si
551 2340 594 2408 de
612 2341 719 2408 salute
737 2339 924 2406 liberorum
950 2339 1078 2431 agitur,
1100 2338 1182 2406 siin

101 2453 298 2546 periculum
313 2479 400 2524 uxor
413 2455 608 2538 deducitur,
624 2457 651 2523 si
665 2457 783 2549 patriae
798 2454 888 2522 salus
901 2479 941 2522 ac
955 2454 1095 2522 libertas
1106 2457 1185 2522 mit-

104 2571 152 2637 tit
169 2595 224 2642 me
239 2574 340 2639 etiam
363 2598 431 2664 quo
451 2576 502 2644 ire
526 2547 674 2653 nollem,
698 2570 871 2664 imperabo
892 2570 1015 2662 pudori
1030 2595 1128 2652 meo,
1151 2585 1185 2638 et

105 2688 259 2756 testabor
274 2677 456 2758 omnia'me
472 2691 613 2771 fecisse,
630 2714 673 2758 ne
690 2712 776 2782 opus
790 2703 878 2756 esset
892 2687 975 2754 milri
987 2688 1111 2755 auxilio
1125 2689 1184 2756 ho-

103 2804 208 2870 minis
229 2805 375 2897 ingrati3
401 2806 583 2872 novissime
607 2802 797 2897 recipiendi
817 2803 978 2870 beneficii
1000 2803 1184 2871 necessitas

105 2920 287 3011 repetendi
303 2916 544 2989 verecundiam
561 2922 685 2989 vincet.
701 2919 856 3002 Deinde,
877 2944 981 3011 quum
1001 2919 1090 2986 bono
1110 2921 1183 2987 viro
1209 2963 1222 3006 7

105 3037 313 3104 heneficium
329 3037 395 3122 do,
424 3039 474 3105 sic
498 3036 560 3118 do,
588 3054 746 3129 tauquam
762 3059 937 3132 nunquam
952 3037 1180 3130 repetiturus,

105 3154 175 3220 nisi
193 3177 331 3221 necesse
350 3154 463 3220 fucrit.

144 3375 165 3406 t.
178 3359 218 3408 Ae
228 3358 252 3408 si
260 3361 497 3424 terrem......injeci.
510 3358 620 3426 Quintil.
704 3358 727 3408 3.
740 3357 773 3409 Si
785 3361 858 3409 moto
872 3376 933 3409 vero
946 3359 1056 3418 dedisti,
1066 3359 1182 3426 plectere.

105 3435 249 3487 Deducat.
268 3441 283 3489 5
298 3453 304 3485 t
318 3436 441 3508 «ignotis
458 3437 622 3490 cadaveribus
671 3437 791 3488 Erasmus
808 3435 965 3488 divinaverat
975 3436 1009 3487 sie
1021 3434 1182 3488 scribendum

105 3514 217 3566 humum
241 3515 402 3588 congerimus
427 3529 452 3568 et
469 3514 621 3588 insepultum
672 3534 825 3586 esse,quum
834 3533 921 3566 omnes
930 3514 1068 3567 coddmss.
1077 3515 1181 3578 darent,

105 3589 198 3664 corpus
221 3590 293 3644 nuile
314 3593 440 3648 festinatio
462 3605 515 3645 tam
537 3592 623 3666 rapida
663 3594 1183 3667 flectere—Plectere,i.e.iuepoenasim-

104 3673 255 3727 transcurrit
267 3713 274 3739 ,
285 3687 313 3726 ut
324 3694 377 3726 non
388 3675 622 3745 quantulocumque
671 3673 819 3748 prudentia.
835 3674 937 3726 Assensi
953 3685 1012 3724 sunt
1030 3672 1118 3745 optimi
1136 3673 1184 3724 cri·

106 3765 244 3805 veneretur
252 3766 364 3826 aggestu.
374 3755 623 3807 »Resootissimaest
673 3754 726 3813 rici,
736 3753 868 3818 Gruterus,
880 3753 979 3826 Lipsius
990 3763 1013 3804 et
1024 3751 1183 3816 Gronovius,

105 3829 148 3881 rei
168 3850 196 3881 er
209 3829 298 3882 Horat.
311 3830 393 3884 Curru.
409 3832 453 3884 lib.
470 3833 497 3895 l,
516 3831 557 3882 od·
576 3831 621 3894 28,
673 3831 899 3903 quiadhoecdocct
910 3830 1184 3898 iraecverbaplectorct

106 3910 155 3970 35,
169 3907 233 3970 (vid.
244 3925 325 3981 super.
336 3928 392 3980 pag.
406 3923 458 3962 not.
471 3912 503 3976 a)
517 3922 541 3963 et
554 3909 623 3961 Dor·
665 3913 758 3977 flector
769 3910 897 3962 interdum
911 3911 938 3961 in
952 3909 1026 3963 codd.
1038 3921 1182 3961 commuta-

106 3985 164 4037 viil.
182 3983 213 4036 ed
233 3984 354 4039 Chorion.
365 3989 422 4054 lv,
445 4003 464 4038 ι.
483 4009 507 4059 p.
520 3988 568 4052 4²²
582 3986 622 4040 ed.
672 3987 710 4050 ri,
722 4009 743 4039 e.
755 4008 775 4039 c.
788 3985 1183 4060 ap.Plaut.Trucu1.ii,scen.3.

106 4064 166 4134 iips.
619 4099 626 4120 t
672 4066 787 4118 Muretus
800 4079 886 4118 tamen
900 4065 1061 4134 conjeceratt
1077 4066 1181 4117 dedisti.

144 4161 167 4192 a.
179 4140 215 4191 In
222 4141 356 4209 publicum
368 4141 507 4194 humanus.
522 4143 633 4200 Nature.
704 4145 728 4209 4.
742 4145 923 4196 Proeterm......
941 4147 1028 4194 vetuil.
1039 4145 1079 4195 Sc.
1095 4143 1185 4216 repeti.

107 4231 133 4272 et
143 4219 295 4276 humanitati
310 4221 357 4273 hoc
371 4220 489 4279 tribuens.
671 4223 770 4278 Tractat
784 4223 838 4277 htec
852 4221 966 4293 sequenti
981 4221 1067 4294 capite.
