2876 4940
245 448 312 513 556
587 447 657 513 DE
679 443 984 516 BENEFICIIS

244 575 517 644 Laoedaemonios
538 576 619 657 fuit,
638 575 729 668 quod
746 601 848 651 usum
860 593 1045 650 numeretae
1061 579 1216 671 pecuniae
1240 601 1342 669 prae-

244 704 343 784 stet¹.
362 692 442 784 Quo
460 716 586 784 genere
604 693 774 785 obligatus
794 717 852 774 es,
876 694 942 762 hoc
960 693 1062 762 fidem
1080 695 1231 764 exsolve.

292 811 372 876 XV.
394 808 491 901 Quid
507 811 576 877 sint
591 809 776 891 beneficia,
793 832 837 878 an
852 825 888 877 et
902 811 940 877 in
956 810 1046 882 hano
1064 810 1244 879 sordidam
1265 810 1340 877 hu-

243 923 427 1016 milemque
446 926 622 992 materiam
642 903 766 993 deduci
784 926 982 1020 magnitudo
998 928 1146 996 nominis
1163 926 1256 996 clari
1273 927 1340 994 de.

183 1041 186 1054 '
242 1043 338 1124 beat,
355 1042 400 1110 ad
414 1065 473 1111 vos
486 1065 555 1112 non
569 1044 738 1136 pertinet:
752 1044 790 1111 in
801 1043 887 1112 alios
906 1046 1072 1135 queritur
1085 1051 1242 1114 venim'.
1259 1049 1337 1114 Vos

243 1157 286 1223 ad
306 1157 455 1250 speciem
477 1158 550 1224 veri
575 1157 769 1249 componite
790 1141 966 1228 animum:
989 1177 1023 1228 et
1037 1159 1116 1229 dum
1136 1161 1336 1230 honestum

243 1271 379 1354 dicitis,
397 1269 568 1365 quidquid
589 1288 640 1340 est
657 1271 716 1353 id,
732 1272 826 1364 quod
847 1276 984 1342 nomine
1003 1275 1137 1346 honesti
1150 1279 1331 1370 jactatur,

241 1385 278 1452 id
288 1386 402 1455 colite.
423 1386 652 1477 «Quomodo,
669 1389 801 1479 inquit,
815 1413 915 1458 nemo
929 1412 992 1481 per
1002 1413 1062 1459 vos
1075 1391 1231 1483 ingratus
1246 1409 1329 1474 eet,

242 1505 293 1572 sic
319 1528 438 1572 rursus
466 1526 584 1572 omnes
601 1504 728 1596 ingrati
750 1519 842 1572 eunt.
865 1508 973 1585 Nam,
994 1522 1032 1574 ut
1050 1505 1180 1588 dicitis,
1201 1532 1333 1576 omnes

241 1621 336 1690 stulti
353 1620 434 1688 mali
452 1635 554 1689 sunt:
582 1621 642 1712 qui
667 1636 779 1688 antem
803 1620 908 1689 habet
926 1623 1047 1690 vitium
1068 1647 1193 1702 unum,
1213 1625 1334 1694 habet

241 1739 356 1808 omnia
373 1764 381 1805 ι
403 1759 520 1806 omnes
534 1753 646 1806 autem
659 1735 754 1804 stulti
774 1752 810 1804 ot
827 1735 907 1804 mali
923 1751 1019 1821 sunt,
1037 1760 1153 1806 omnes
1166 1762 1253 1833 ergo
1266 1743 1331 1809 in-

242 1857 329 1950 grati
342 1847 448 1923 sunt³.
457 1881 474 1916 s
490 1851 588 1945 Quid
599 1876 680 1946 ergo
694 1853 787 1920 Pnon
799 1853 980 1930 suntinon
991 1847 1159 1945 undique⁴
1168 1856 1330 1928 humano

241 1972 360 2066 generi
383 1970 576 2038 convicium
598 1969 665 2036 fit?
682 1992 752 2036 non
766 1967 913 2061 'publica
934 1968 1076 2058 querela
1092 1985 1166 2050 est,
1184 1969 1327 2041 benefi—

244 2090 296 2156 cia
309 2088 460 2180 perisse,
480 2099 514 2152 et
528 2084 749 2176 paucissimos
763 2107 857 2167 esse,
872 2085 932 2175 qui
947 2083 990 2152 de
1003 2084 1092 2152 bene
1106 2089 1326 2158 merentibus

275 2320 296 2352 1.
307 2299 347 2352 Et
356 2303 403 2368 qui
412 2300 510 2352 corium
513 2335 552 2351 .....
559 2309 681 2367 praelat.
695 2297 753 2364 Sin·
802 2296 943 2362 immerito,
954 2296 1001 2348 i.e.
1012 2296 1103 2349 veritas
1112 2296 1170 2349 aliis
1178 2336 1186 2363 ,
1200 2317 1253 2351 non
1269 2319 1324 2351 vo·

239 2377 325 2448 gulare
337 2377 386 2429 hoc
400 2389 453 2430 cst:
465 2377 573 2428 ferream
585 2376 654 2430 enim
666 2395 752 2428 mone·
802 2375 840 2427 bis
861 2373 954 2428 vilibus
971 2376 1111 2447 stultisque.
1127 2398 1162 2414 -
1180 2375 1255 2446 Quid
1262 2381 1325 2430 sciet

167 2481 169 2492 ·
239 2469 290 2509 tam
301 2456 398 2530 Spectas
409 2454 495 2522 fuisse,
505 2467 530 2507 et
540 2453 594 2507 auri
602 2456 752 2530 argentique
801 2455 1057 2509 ...serumsentenria
1065 2456 1169 2527 quidem
1181 2459 1322 2524 estvoevi-

239 2533 383 2589 illationem
395 2533 514 2606 Spartam
525 2552 578 2585 esse
590 2533 751 2586 interdictam
799 2532 835 2587 les
844 2547 887 2587 ete
897 2535 1026 2602 turbe,vos
1034 2535 1103 2588 stulti
1111 2539 1202 2590 frustra
1212 2535 1242 2590 de
1252 2558 1320 2592 vero

237 2610 312 2684 lege,
332 2624 407 2681 atque
419 2609 577 2662 observatam
588 2609 655 2675 hanc
667 2611 750 2684 legem
798 2610 922 2664 beneficio
931 2611 1044 2682 queritis
1053 2651 1060 2672 ,
1070 2613 1125 2684 eius
1135 2634 1189 2666 non
1196 2635 1320 2688 capaces:

239 2709 318 2760 usque
335 2690 368 2742 ad
388 2687 514 2760 Lysandri
532 2701 643 2759 tempora
660 2701 749 2740 notum
798 2687 831 2740 ed
841 2689 950 2762 speciem
961 2702 985 2742 et
992 2690 1131 2762 imaginem
1140 2692 1194 2762 ejus
1205 2692 1256 2744 ite:
1267 2713 1321 2746 ve-

238 2781 282 2822 eet
294 2768 407 2822 Monctae
420 2767 540 2820 coriaceae
552 2767 619 2840 apud
632 2767 750 2821 Laeedae-
797 2766 857 2818 ritas
870 2767 926 2820 aliis
933 2767 1064 2838 queritur.
1077 2769 1140 2824 Haec
1148 2772 1259 2822 sordida
1266 2771 1319 2824 hre-

239 2843 347 2904 monios'
358 2850 454 2903 Seneca
472 2847 613 2922 meminit,
633 2859 658 2898 et
674 2845 749 2920 paulo
797 2849 919 2914 mitisque
926 2849 1053 2912 materia,
1063 2845 1081 2897 i.
1089 2865 1111 2898 e.
1119 2846 1179 2912 ille,
1192 2867 1319 2922 quaepe-

238 2941 295 2981 ante
312 2948 369 2982 eum
382 2927 504 2981 Nicoleus
515 2928 703 2990 Damascenue,
720 2945 749 2978 ex
798 2925 863 2978 ciem
873 2922 1056 2978 beneficiorum
1065 2939 1167 3000 gerunt.

238 3007 308 3080 cujus
328 3006 433 3058 historia
454 3002 591 3058 universali
610 3003 750 3074 fragmenta
832 3002 855 3054 3.
871 3003 963 3066 Nom,
983 3011 1014 3056 a!
1034 3005 1123 3057 da'ec'tis
1125 3043 1228 3060 ...........
1243 3013 1316 3058 seret.

237 3081 596 3154 quaedamasservatesunt.ln
606 3094 749 3134 uocantem
799 3081 914 3135 Stoicum
932 3081 980 3134 hoe
996 3101 1048 3134 esse
1067 3083 1161 3156 dogma
1178 3083 1248 3156 paria
1261 3104 1316 3136 ease

239 3163 415 3232 Λακεδαιμόνιοι
431 3158 750 3236 inscripto,hebetur:Ne-
794 3159 877 3223 sitia,
902 3172 927 3212 et
946 3160 1033 3212 omnia
1054 3159 1147 3212 habere
1168 3160 1248 3224 vitia,
1268 3162 1313 3230 qui

236 3243 331 3308 piepeu
346 3241 371 3293 di
382 3245 483 3309 χρῶνται
496 3241 601 3308 nocive·
613 3240 652 3290 ἐὰν
664 3239 689 3291 di
703 3260 749 3289 πα·
799 3258 879 3290 unum
892 3237 982 3291 habeat
993 3276 1000 3303 ,
1013 3257 1051 3289 res
1065 3238 1197 3291 notissima
1208 3252 1259 3300 est,
1270 3241 1314 3292 vel

236 3323 266 3390 φά
280 3341 323 3370 nst
336 3315 421 3387 ἑυριθῇ
430 3319 531 3386 weit,
545 3318 561 3372 ἢ
573 3317 684 3384 ἄργυρος,
696 3321 749 3367 θα·
799 3337 813 3369 e
827 3315 958 3369 Ciceronis
970 3315 1106 3368 Paradoxis
1116 3333 1123 3367 :
1135 3318 1167 3368 ct.
1177 3318 1311 3388 supraIV,

238 3397 297 3462 νᾶτῳ
310 3400 444 3464 ζημιοῦται.
799 3394 838 3446 26.
851 3395 937 3469 Ipsum
949 3394 1013 3446 adeo
1031 3395 1223 3461 Menandrum,
1234 3415 1314 3469 egre-

269 3472 326 3524 XV.
335 3475 406 3526 Atta.
414 3472 513 3541 Quoerit
520 3492 552 3524 an
559 3491 647 3526 omnes
655 3470 748 3544 ingrati
798 3473 868 3547 giurn
878 3485 979 3545 poetam
991 3471 1143 3537 Comicum,
1156 3471 1201 3524 illa
1211 3486 1313 3526 senmu-

237 3549 341 3602 dieendi
359 3550 409 3601 sint
430 3571 459 3603 ex
481 3550 621 3621 objectione
638 3550 747 3622 quedam
797 3551 830 3603 tic
849 3550 935 3603 Stoica
953 3569 1026 3602 usum
1045 3570 1097 3602 esse
1116 3549 1145 3601 in
1163 3551 1311 3616 comoedia,

236 3627 436 3693 adversantium
449 3641 475 3680 et
489 3628 515 3680 id
531 3628 565 3680 ait
581 3648 634 3680 non
653 3648 747 3700 negcn·
797 3649 854 3700 quae
865 3617 1313 3697 inaestuare,siveiypmogvou·

235 3709 298 3761 dnm
316 3721 427 3768 temere;
453 3707 502 3759 hoc
523 3727 537 3758 a
558 3719 630 3781 poeta
652 3708 748 3761 dictum
797 3708 884 3770 batur,
900 3719 1004 3759 testatur
1015 3719 1101 3759 noster
1113 3707 1141 3758 in
1157 3709 1247 3760 Natur.
1260 3711 1312 3778 Qu.

236 3807 289 3839 non
300 3806 406 3852 severo,
419 3804 471 3837 non
481 3783 644 3859 philosopho;
657 3784 706 3837 hoc
712 3797 749 3838 tot
798 3787 849 3850 IV,
861 3786 931 3859 praei.
944 3783 989 3837 fin.

235 3865 329 3934 scelera
339 3883 396 3936 quae
404 3862 497 3934 ubique
506 3875 660 3935 grassentur,
671 3877 692 3913 et
701 3881 748 3916 sae-
831 3866 854 3928 4.
868 3860 945 3933 Quid
956 3865 1035 3933 ergo?
1046 3884 1098 3916 non
1108 3865 1194 3918 sunt?
1204 3885 1256 3916 non
1266 3885 1313 3916 um-

236 3942 287 3996 culi
297 3943 443 4013 pravitatem
457 3942 571 4015 probare.
796 3944 892 4010 dique,
911 3953 957 3994 etc.
978 3941 1020 3994 Sic
1033 3942 1145 3994 distinxit
1163 3943 1312 4010 Grutenrs,

271 4041 292 4071 2.
305 4020 341 4072 In
358 4022 428 4073 aleos
442 4023 570 4088 quaritur
587 4037 684 4071 verum.
702 4017 744 4070 Sic
793 4032 912 4089 sequutus
937 4018 1051 4072 codicem
1079 4021 1161 4085 Nan,
1188 4020 1313 4091 probante

237 4097 348 4172 plerique
356 4098 430 4151 codd.
442 4114 448 4148 :
458 4097 515 4160 alii,
525 4099 564 4150 od
571 4099 639 4149 alios
649 4107 746 4165 spectat
794 4097 936 4150 Gronovio.
947 4097 1043 4151 Seneca
1054 4099 1189 4172 respondet
1200 4101 1234 4151 ad
1242 4121 1313 4152 con-

236 4198 326 4231 verum
328 4215 386 4232 .......
397 4183 424 4230 in
435 4180 745 4246 aliispnoeriturverum.
794 4175 969 4227 tredictionem
980 4177 1131 4247 praemissam
1142 4197 1187 4252 per
1201 4199 1313 4233 conces-

236 4257 334 4332 Lipsius
357 4256 421 4311 iilud
440 4257 550 4330 primum
567 4257 680 4330 praeiert,
698 4275 744 4308 nec
794 4255 890 4306 sionem
901 4293 907 4322 ,
918 4266 963 4307 etc.
