2976 4950
402 505 929 592 u1u.11‚cur.xxx11.
1139 461 1206 597 399'

125 639 212 707 dore
229 662 298 706 uon
311 660 467 731 possum,
480 637 608 706 sufficit
620 637 753 705 animus
766 638 894 704 animo.
912 634 1010 729 Quid
1022 629 1128 730 ergo?
1137 660 1206 704 non

126 753 300 848 quidquid
315 771 458 849 potero,
475 753 643 822 etfaciam
666 767 705 820 ut
719 757 727 789 ¹
743 751 913 822 reddam?
938 769 1128 848 temporum
1153 776 1207 820 re-

126 895 274 964 rumque
292 873 502 940 occasionem
521 873 685 963 sequar²,
707 886 742 938 et
756 869 830 963 ejus
848 870 992 965 implere
1013 871 1124 939 sinum
1145 895 1206 938 cu-

125 987 220 1078 piam
238 1011 260 1055 a
279 1011 348 1079 quo
370 986 502 1080 aliquid
521 986 637 1079 accepi
659 986 675 1055 i
701 984 762 1054 sed
785 987 873 1054 malo
898 987 972 1055 loco
999 985 1206 1055 beneficium

126 1119 180 1170 est
192 1095 229 1185 ³,
249 1104 316 1171 uisi
334 1118 370 1171 et
389 1095 402 1147 ⁴
422 1103 572 1171 excussis
590 1102 747 1172 munibus
766 1127 839 1171 esse
857 1119 953 1197 grato
972 1102 1064 1172 licet.

177 1221 333 1289 XXXII.
352 1219 424 1313 Qui
438 1220 592 1314 accepit,
607 1221 742 1311 inquit,
758 1215 983 1302 beneficium,
1001 1221 1082 1288 licet
1093 1221 1207 1288 animo

127 1337 374 1430 benignissimo
387 1337 579 1431 occeperit,
592 1359 662 1404 nou
672 1337 916 1404 consummavit
925 1337 1075 1406 officium
1087 1359 1204 1423 suum,

127 1468 235 1521 restet
249 1453 342 1521 enim
359 1475 439 1546 pars
457 1449 627 1550 reddendi
650 1475 658 1517 :
683 1451 772 1519 sicut
785 1452 822 1519 in
838 1450 916 1520 lusu
940 1467 991 1520 est
1011 1450 1142 1544 aliquid
1158 1452 1209 1545 pi-

127 1573 195 1639 lam
208 1565 220 1608 ⁵
234 1573 319 1640 scite
337 1594 377 1640 ac
390 1569 577 1666 diligenter
594 1569 774 1663 excipere,
798 1568 940 1638 sednon
958 1567 1085 1638 dicitur
1098 1568 1208 1638 bonus

127 1688 245 1771 lusor,
258 1689 325 1756 nisi
340 1689 400 1780 qui
412 1703 491 1782 apte
507 1703 542 1757 et
555 1684 711 1780 expedite
726 1687 877 1770 remisit,
896 1711 997 1779 quam
1012 1703 1204 1780 exceperat.

126 1803 327 1899 Exemplum
351 1804 419 1873 hoc
442 1801 606 1872 dissimile
630 1795 732 1870 est⁶:
757 1804 898 1895 quare?
923 1803 1005 1898 quia
1031 1801 1135 1896 hujus
1156 1803 1208 1871 rci

127 1920 202 1990 laus
215 1922 252 1989 in
264 1921 417 2016 corporis
430 1937 524 1990 motu
536 1936 610 1997 est,
627 1918 712 1987 etin
727 1919 903 2013 agilitate,
924 1921 1046 1990 nonin
1066 1920 1179 1989 animo
1195 1947 1205 2004 3

125 2139 243 2212 pendent
254 2157 262 2194 t
273 2139 345 2194 nulls
362 2151 448 2192 autem
460 2137 541 2192 virtus
556 2136 590 2190 ab
600 2137 645 2192 illa
692 2137 802 2210 potuisse
814 2157 919 2192 arsrum
928 2139 982 2192 sive
995 2141 1024 2193 in
1036 2141 1103 2206 sits,
1116 2139 1207 2194 sivein

126 2216 213 2282 venis,
225 2237 287 2292 ergo
298 2237 347 2270 uec
358 2217 493 2292 gratitudo·
693 2213 797 2266 scenicis
809 2215 913 2280 subulis,
925 2233 999 2270 servo
1011 2217 1092 2270 luraoi
1105 2216 1206 2284 dioers,

165 2291 644 2369 uUiesoepiePiuo.emendanteloeo
693 2303 825 2362 postquam
833 2295 945 2346 tunicum
953 2293 1090 2367 etpallium
1099 2293 1209 2347 etindu·

126 2373 295 2428 escarum
304 2373 358 2426 noli
374 2391 433 2425 eum
441 2370 552 2424 Grutero
563 2368 646 2442 suspi-
693 2369 761 2422 sium
776 2384 801 2422 et
810 2373 898 2424 omnia
913 2374 995 2426 excuti
1006 2373 1123 2445 jusserit}
1136 2373 1208 2425 «Ex-

127 2453 181 2506 eari
197 2452 239 2506 hic
257 2453 373 2524 quedem
392 2453 486 2504 deesse.
502 2449 581 2501 Error
593 2448 645 2519 ejus
695 2460 751 2502 cute
762 2461 786 2502 et
797 2468 896 2502 manus.
910 2471 924 2497 s

126 2539 174 2594 est,
182 2549 280 2603 semper
286 2529 384 2601 aliquid
392 2525 592 2600 deesse,pleuius
598 2525 645 2577 Se·
728 2525 916 2580 xxxllnno.
930 2529 1003 2600 Opus
1010 2541 1096 2583 tamen
1110 2549 1173 2595 esse,
1181 2542 1211 2584 ut

125 2627 217 2660 necem
227 2607 461 2682 hucpertsactasse‚
470 2603 596 2674 siquando
605 2622 645 2656 ae·
694 2605 908 2658 consummaverit
920 2603 1036 2659 officium
1055 2607 1100 2678 qui
1120 2605 1211 2680 accipit
1265 2627 1269 2648 ι

125 2685 235 2751 ciderit,
248 2699 278 2738 ut
289 2685 387 2738 varient
402 2682 477 2737 codd.
493 2702 552 2737 mss.
564 2681 644 2750 Quasi
694 2704 786 2737 munus
798 2683 919 2756 aliquod,
933 2705 986 2738 non
1006 2698 1079 2757 grato
1091 2686 1212 2739 duntaxat

124 2763 220 2816 minsm
232 2775 304 2828 esset,
313 2762 383 2834 quod
392 2761 493 2814 varient
504 2760 530 2812 in
542 2771 642 2811 auctore
693 2763 782 2816 animo
796 2803 803 2828 ,
822 2761 866 2815 sed
888 2776 912 2815 et
924 2763 1069 2816 redditione
1083 2763 1210 2816 beneficii.

124 2855 179 2895 taus
190 2844 335 2913 frequenter
346 2841 456 2894 lectitato
467 2838 499 2891 als
510 2838 583 2891 omui
593 2857 644 2911 ge-
692 2841 870 2914 Imperfectum
876 2840 931 2892 siue
938 2841 1044 2893 hocesse
1050 2839 1211 2914 opusJ‘Ixem·

124 2943 188 2976 uere
198 2921 333 2975 hominum
339 2960 349 2986 ,
361 2933 435 2992 atque
447 2915 585 2991 descripto!
693 2917 764 2991 plum
777 2939 791 2971 a
803 2917 855 2992 pilo
871 2916 965 2972 lusoria
978 2938 1053 2989 quam
1067 2931 1091 2972 et
1101 2932 1157 2992 apte
1169 2937 1212 2971 re-

160 3021 186 3053 a.
201 2999 357 3071 Temporum
377 3016 514 3068 rerumque
529 2997 645 3051 occasio-
694 2995 787 3068 cepisse
802 3008 826 3050 et
838 2997 899 3050 scite
907 2997 1032 3050 remisisse
1042 2997 1211 3050 necessarium

125 3100 204 3146 ηιηι,
217 3081 343 3150 ‹dampier-
694 3073 801 3128 omuino
815 3073 853 3134 lit,
865 3087 893 3127 ut
903 3075 986 3128 bouus
1000 3076 1070 3128 lusor
1081 3075 1177 3129 audias·
1194 3086 1196 3094 '

163 3161 188 3215 3.
203 3159 282 3215 Malo
293 3164 348 3214 Ioco
363 3159 510 3230 benficium
521 3167 567 3209 est.
578 3155 613 3208 H.
624 3175 647 3216 o,
728 3153 752 3204 5.
764 3153 839 3207 Sicut
850 3155 877 3205 in
888 3157 983 3206 turn...
990 3155 1092 3222 pilum,
1102 3153 1212 3226 trigona·

127 3239 228 3294 malum
238 3253 263 3294 et
271 3241 313 3294 rix
325 3239 448 3294 idoneum
458 3237 590 3290 hominem
602 3233 647 3287 do·
694 3229 754 3284 lem.
770 3231 810 3284 Cl.
822 3231 855 3284 sd
864 3232 898 3296 ll,
911 3248 950 3296 17,
958 3231 1072 3284 &Manu
1082 3233 1214 3300 excipitur

127 3341 165 3373 na
180 3333 266 3372 nostra
276 3331 350 3373 nacta
364 3330 439 3382 sunt;
453 3315 532 3370 sterili
548 3326 572 3367 et
586 3332 647 3365 ma·
695 3309 769 3362 missu
786 3309 838 3384 pila
854 3321 878 3362 et
891 3309 1027 3362 remittitur
1042 3309 1073 3362 ad
1087 3307 1187 3361 tertium
1202 3346 1210 3374 ‚

128 3391 647 3474 ligoaeterrnsemencredidimus.8imil-
694 3388 740 3458 qui
757 3389 789 3440 ad
815 3388 926 3461 primum
948 3387 1060 3440 lusorem
1086 3385 1212 3439 remittere

128 3479 195 3532 lima
207 3478 262 3531 hoec
274 3477 398 3550 loquendi
416 3471 553 3548 proprietas
568 3483 605 3524 est
614 3473 647 3541 τῷ
695 3466 809 3520 debebat.
817 3466 886 3518 Hinc
896 3465 1003 3539 explices
1011 3468 1077 3519 vices
1088 3465 1103 3534 S
1113 3485 1128 3516 2
1139 3463 1212 3516 reite·

130 3557 205 3610 rraale
219 3557 306 3623 jacti,
324 3553 450 3627 quodlib.
467 3548 581 3603 chnel.
595 3546 647 3620 jam
695 3545 805 3598 rationes
817 3544 900 3600 missoe
912 3543 980 3618 pile.

130 3635 286 3689 notavimus.
727 3621 755 3675 6.
768 3621 935 3689 Exemplum
954 3621 1001 3674 isoc
1018 3622 1149 3673 dissimile
1163 3627 1211 3672 ert.

166 3711 337 3781 Mercu-ssia,
348 3703 433 3762 vacuis
442 3723 451 3760 ε
460 3705 536 3760 ducta
544 3702 599 3757 lraec
607 3701 648 3755 lo·
696 3701 753 3754 Hoc
763 3699 815 3773 ipse
824 3699 872 3754 sibi
878 3699 971 3754 Noster
981 3698 1068 3772 objicit
1075 3695 1146 3769 quod
1153 3717 1212 3750 mox

132 3790 231 3861 quendi
238 3788 304 3842 ratio
310 3783 546 3856 abhocquod,dum
552 3780 650 3853 aliquid
697 3780 911 3851 comparationem
921 3797 993 3832 suam
1008 3774 1154 3850 explicando
1166 3795 1212 3828 re-

132 3881 292 3935 scrutamur,
305 3875 401 3919 vestem
422 3861 577 3927 excutimus,
596 3877 652 3930 quae
696 3855 770 3910 fellis.
785 3856 855 3909 Hinc
870 3854 938 3909 enim
954 3863 1046 3928 patet,
1065 3871 1211 3925 quanquam

133 3949 197 4004 dum
205 3941 362 4000 convertitur
373 3954 397 3994 et
408 3939 516 3994 demittit
523 3957 581 4010 quas
590 3957 653 3990 cou-
697 3932 795 4005 aliquid
809 3933 1024 3988 dissimilitudinis
1032 3946 1069 3985 est
1076 3932 1142 3986 inter
1149 3931 1213 3986 duas

132 4025 216 4089 tinet,
228 4041 308 4075 vacua
320 4019 363 4084 fin
375 4018 417 4072 vel
428 4015 498 4089 quod
510 4015 592 4070 excuti
608 4013 653 4068 ali·
698 4032 753 4077 res,
768 4011 912 4064 simillimas
930 4025 1016 4064 tamen
1031 4009 1076 4064 has
1094 4029 1167 4075 esse,
1188 4023 1213 4064 et

133 4101 199 4176 quid
210 4099 373 4172 jubemus,ut
381 4096 488 4152 sciamus
497 4115 531 4148 an
539 4113 649 4148 vacuum
698 4108 752 4142 nou
765 4087 843 4142 modo
858 4089 999 4164 comparari
1011 4107 1100 4163 posse,
1112 4087 1157 4142 sed
1166 4107 1214 4142 ra·

133 4180 202 4234 illud
215 4179 256 4232 sit.
267 4177 348 4231 Porro
359 4195 414 4229 non
424 4193 588 4229 rosemanus
603 4193 650 4226 ex-
698 4165 751 4221 lere
766 4188 782 4221 s
792 4167 877 4242 priore
894 4167 927 4222 ad
943 4167 1106 4240 posteriorem
1123 4187 1213 4224 conse

134 4258 236 4313 entitur.
246 4255 346 4309 Tamen
355 4251 425 4310 eredi
435 4264 516 4327 potest
523 4249 650 4306 interdum
699 4246 837 4316 quentiem.
