2976 4950
260 427 325 516 398
586 417 656 486 DE
683 413 997 487 BENEFICIIS
1077 512 1080 519 ¹

259 555 352 638 bile,
368 569 407 622 ut
423 575 498 622 mee
513 551 579 620 fert
591 550 727 644 opinio,
745 565 805 618 aut
818 546 1021 618 incredibile
1036 563 1107 618 eet:
1125 573 1205 620 cum
1216 551 1279 643 qni
1292 550 1339 618 li-

260 673 381 740 benter
396 669 522 764 accipit
538 667 762 748 beneficium,
779 663 984 736 reddidieoe.
1001 667 1087 734 Num
1102 689 1208 758 quum
1223 667 1340 734 omnia

261 787 306 858 ad
325 788 476 856 animum
496 784 683 852 referamus
695 788 721 864 ¹,
736 782 817 851 fecit
829 783 997 875 quisque,
1014 799 1179 877 quantum
1190 783 1336 868 ²uoluit;

262 923 297 976 et
314 931 420 1000 quum
434 905 567 998 pietus,
586 899 693 984 fides,
708 901 859 994 justitia,
879 901 989 970 omnin
1004 900 1153 995 denique
1165 903 1277 970 virtus
1289 903 1341 969 in·

262 1039 316 1091 tra
334 1047 371 1092 oe
386 1021 539 1116 perlecto
558 1019 625 1104 tit,
651 1018 783 1086 etiamsi
801 1017 854 1086 illi
877 1041 1014 1087 mnnum
1031 1040 1187 1088 exserere
1205 1043 1277 1088 non
1293 1018 1338 1086 li-

263 1143 355 1216 cuit,
375 1155 490 1236 gratus
503 1161 643 1232 quoque
658 1149 856 1231 potestesse
876 1134 977 1206 bomo
993 1137 1178 1206 voluntate.
1193 1135 1341 1232 Quoties

264 1257 356 1350 quod
374 1255 551 1351 proposuit
565 1254 642 1346 quis
661 1251 904 1342 consequitur,
932 1253 1023 1346 cepit
1040 1255 1153 1347 operio
1167 1255 1221 1324 eui
1241 1255 1341 1324 lruc-

224 1411 238 1443 α
264 1391 347 1444 tum.
364 1371 436 1468 Qui
450 1371 654 1440 beneficium
669 1366 747 1454 dat,
763 1367 849 1460 quid
863 1369 1026 1463 proponit
1037 1369 1225 1465 iprodcece
1239 1374 1273 1440 ei
1284 1373 1341 1441 cui

265 1487 345 1572 dat,
363 1503 398 1556 et
406 1485 572 1579 voluptati
583 1483 648 1552 eibi
660 1476 769 1552 «τοῦθ’.
786 1482 822 1550 si
835 1482 929 1574 quod
941 1483 1064 1570 voluit,
1076 1485 1205 1568 effecit,
1221 1508 1343 1580 perve-

265 1607 384 1698 nitque
397 1601 441 1672 etl
457 1623 510 1670 me
524 1623 647 1668 munuc
660 1593 765 1693 ejuo⁴,
782 1622 824 1667 nc
838 1615 954 1668 mutuo
972 1601 1097 1694 gaudio
1112 1603 1248 1688 affecit3
1263 1603 1344 1672 tulit

266 1717 360 1813 quod
376 1717 489 1811 petiit.
506 1717 584 1783 Non
594 1713 687 1782 enim
703 1713 769 1780 sibi
786 1713 933 1782 invicem
945 1713 1079 1807 aliquid
1091 1715 1192 1786 reddi
1204 1717 1339 1786 voluit:

226 1849 242 1900 3
267 1848 326 1902 out
344 1856 413 1900 non
431 1830 497 1899 fuit
509 1827 740 1905 beneficium,
765 1824 827 1893 ned
844 1829 1031 1920 negotiatio
1043 1821 1070 1897 ⁵.
1091 1833 1184 1900 Bene
1202 1832 1345 1926 navige-

266 1949 328 2028 rit‚
340 1950 413 2041 qui,
423 1969 524 2039 quem
534 1943 716 2011 destinavit
728 1957 876 2036 portum,
894 1946 1015 2012 tenuit.
1033 1945 1112 2015 Teli
1118 1946 1231 2039 jactus
1242 1963 1344 2016 certae

267 2087 386 2132 manue
394 2063 529 2157 peregit
538 2060 702 2144 officinm,
715 2061 744 2128 ei
754 2060 861 2152 petita
871 2062 1040 2154 percussit
1047 2063 1254 2132 beneficium
1263 2090 1270 2130 :
1280 2065 1342 2158 qui

268 2179 346 2262 dat,
376 2179 450 2247 vult
469 2178 579 2271 excipi
600 2185 718 2274 grate,
740 2175 845 2245 habet
862 2175 955 2268 quod
972 2179 1104 2263 voluit,
1134 2177 1163 2250 oi
1180 2180 1270 2250 bene
1286 2203 1345 2249 ac·

268 2311 404 2390 ceptum
421 2307 484 2363 eet.
502 2291 571 2364 Sed
581 2292 1001 2387 speravitcmolumentum
1014 2297 1174 2389 aliquod:
1191 2323 1261 2367 non
1280 2298 1346 2366 fuit

267 2414 333 2482 hoc
345 2411 574 2496 beneficium,
595 2410 694 2504 cujus
708 2411 887 2503 proprium
912 2427 963 2480 eet
983 2413 1073 2482 nihil
1091 2413 1134 2482 de
1152 2413 1270 2484 reditu
1286 2439 1345 2484 co-

268 2538 391 2631 gitare.
409 2533 513 2630 Quod
526 2531 751 2627 accipiebam,
766 2533 795 2599 ei
805 2555 845 2600 eo
856 2534 968 2604 animo
979 2540 1096 2630 occepi
1105 2563 1175 2630 quo
1185 2535 1343 2623 dabatur,

229 2673 245 2739 4
269 2650 417 2721 reddidi.
442 2651 605 2744 Alioquin
629 2651 775 2744 pessima
796 2649 930 2742 optimae
950 2654 1001 2721 rei
1024 2656 1175 2724 conditio
1198 2672 1251 2726 eet
1276 2682 1286 2724 ι
1310 2672 1348 2725 ut

270 2782 386 2862 gratus
403 2765 490 2848 eim,
506 2762 551 2832 ud
564 2766 752 2832 Fortunam
768 2763 883 2831 mittor
899 2756 926 2832 ⁶.
947 2766 984 2834 Si
1003 2768 1064 2880 ille
1079 2766 1187 2838 invita
1202 2793 1348 2866 respon.

270 3022 352 3075 Cicer.
362 3023 494 3076 Peredoxe
505 3021 614 3087 docent,
627 3039 685 3093 quae
693 3023 780 3076 videte
829 3043 924 3100 peren.
937 3025 977 3082 Gi.
986 3049 1010 3083 c.
1024 3029 1067 3098 33,
1080 3031 1205 3087 3:11nnc
1220 3015 1346 3108 percepit,

269 3101 336 3153 licet
831 3103 876 3174 qui
887 3125 938 3176 qno
952 3107 1034 3163 voluit
1043 3129 1138 3164 munus
1146 3131 1221 3166 sunm
1238 3113 1349 3186 pertulit.

305 3197 327 3232 t·
341 3177 415 3229 Num
425 3197 547 3248 quemi...
555 3179 704 3252 refimmus.
714 3177 783 3232 lline
832 3183 902 3236 Male
915 3183 957 3244 bic
968 3189 1067 3240 confert
1078 3189 1179 3242 Gruter.
1192 3188 1244 3258 lll,
1260 3211 1302 3262 17,
1315 3189 1340 3245 3.

270 3277 310 3331 ep.
323 3255 377 3308 Cic.
390 3257 470 3308 Acad.
486 3255 528 3320 ll,
543 3257 576 3324 45
592 3275 600 3312 t
612 3257 700 3324 Zeno,
713 3257 786 3328 quasi
867 3267 891 3317 5.
905 3263 1064 3334 Negotiatio,
1074 3269 1208 3323 l'oeneratio
1218 3283 1243 3322 et
1254 3291 1349 3324 merce·

270 3333 382 3408 corporis
392 3333 471 3386 timue
483 3347 607 3409 expertes,
620 3337 735 3389 animum
745 3357 786 3389 so·
834 3353 898 3392 turn.
911 3343 950 3398 Cl.
961 3344 1060 3398 Ernesti
1075 3346 1139 3399 clav.
1152 3347 1206 3401 Cic.
1217 3349 1265 3401 cub
1279 3370 1349 3404 voce.

270 3413 324 3467 lum
338 3416 523 3488 complectitur.
834 3425 979 3490 negotiator
995 3433 1019 3474 et
1035 3428 1190 3494 negotiatio,
1211 3426 1259 3479 nbi
1273 3447 1350 3480 corn-

305 3513 328 3544 n.
341 3489 442 3561 Quart.
461 3495 513 3545 vol.
531 3493 553 3546 I.
570 3513 592 3546 e.
608 3505 707 3544 tantum
728 3492 788 3546 fecit
836 3499 957 3552 mentatio
971 3500 1207 3576 denegetietoribue
1218 3523 1350 3578 remque

271 3583 394 3642 quantum
403 3569 484 3622 voluit
496 3571 577 3623 lacere
588 3610 596 3632 ,
611 3570 657 3622 etti
671 3590 724 3622 non
733 3591 788 3623 ere·
836 3588 913 3630 exstat
925 3574 953 3629 in
966 3577 985 3628 l.
997 3579 1028 3630 Α.
1040 3579 1141 3633 Ernesti
1151 3583 1274 3655 Opuecnl.
1287 3586 1350 3658 pbil.

272 3660 370 3718 quatur.
383 3645 426 3699 Sic
439 3650 538 3700 nostia
547 3648 650 3699 volontl
659 3657 699 3699 est
714 3648 789 3715 repu-
837 3655 891 3707 crit
903 3674 942 3706 nr.
962 3673 987 3718 r,
1008 3655 1036 3707 iu
1047 3657 1176 3730 epitomen
1186 3661 1289 3714 redacte
1307 3675 1350 3714 eet.

272 3725 485 3800 te'epourlesait.
837 3733 964 3805 Expressit
972 3747 1056 3786 noster
1069 3733 1274 3792 Cleanthem-Cli
1286 3739 1350 3792 inire

306 3803 331 3856 3.
342 3801 381 3858 Et
392 3807 523 3874 voluptati
531 3803 585 3855 siba·
596 3820 658 3854 esse.
669 3801 789 3854 Pincieni
838 3813 890 3880 vl,
909 3833 937 3866 η
954 3825 1013 3867 2111,

275 3881 395 3935 debemur
425 3903 507 3942 mee..
534 3879 575 3934 cui
604 3881 790 3954 adstipulantur
873 3891 956 3945 &Aa
967 3893 1117 3948 Fortunam
1126 3897 1351 3968 mium-,quim

276 3961 618 4035 Grut.,inprimiecod.an.
627 3963 706 4014 Antea
717 3961 788 4014 ndllo
837 3991 866 4024 ο,
876 3992 936 4044 ope.
954 3985 979 4023 et
990 3985 1090 4026 exrema
1103 3973 1211 4047 petenda
1221 4012 1229 4040 ‚
1241 3995 1299 4046 qun
1312 3996 1353 4029 re-

275 4061 350 4094 eeneu
365 4045 431 4095 :dat
441 4061 478 4095 ex
490 4045 624 4094 voluntate
634 4081 641 4105 ,
652 4059 733 4112 supro
745 4049 792 4103 est,
840 4049 939 4104 fundat.
952 4051 1031 4122 Atqui
1041 4072 1070 4104 ea
1086 4052 1114 4104 in
1126 4065 1214 4106 nostra
1231 4065 1351 4125 potestate

308 4119 332 4184 4.
344 4119 445 4174 Mum
456 4125 512 4184 ejus
520 4117 685 4172 eetPlncianl
696 4119 793 4192 tonjw·
842 4149 896 4183 non
912 4140 990 4194 eunt,
1009 4150 1055 4181 nec
1075 4129 1102 4181 in
1123 4130 1227 4183 illorum
1244 4153 1351 4184 nurnero

277 4211 347 4260 tura,
365 4197 444 4268 digna
462 4217 540 4266 quam
558 4195 586 4249 in
606 4209 702 4250 textum
720 4195 790 4250 reci-
842 4229 898 4279 que
910 4209 981 4262 stoici
994 4208 1164 4276 dicuntetp’
1175 4212 1230 4276 epo
1241 4230 1249 4264 :
1261 4209 1293 4262 ab
1309 4209 1350 4262 illa
