2990 4942
468 445 642 517 error
666 449 805 520 xxm.
931 397 934 404 ’
1113 477 1170 548 tpt

96 590 256 666 memque
269 573 461 667 precequis
477 599 607 646 summa
625 578 694 647 illis
710 603 869 649 curarum
884 585 893 616 ¹
917 580 1003 662 fuit,
1024 578 1111 672 quid
1125 605 1179 651 es·

96 707 186 776 seut,
202 689 291 784 quid
308 689 480 760 biberent.
499 689 621 786 Adjice
638 694 810 778 incendia,
828 695 958 778 ruinas,
979 697 1174 791 naufragia,

96 809 323 878 lacerationes
339 806 548 896 medicorum
566 833 640 880 ossa
661 813 747 882 vivis
769 813 1012 907 legentium²‚
1035 829 1070 882 et
1092 829 1180 884 totas

98 927 137 993 in
154 927 288 995 viscera
307 949 427 995 manus
446 923 722 1012 demittentium,
746 945 781 998 et
799 953 868 998 non
887 930 1035 1023 simplici
1060 930 1179 1000 dolore

98 1040 263 1136 pudenda
276 1043 492 1128 curantium,
513 1059 589 1136 post
608 1045 682 1114 haec
698 1045 853 1114 exsilium
877 1072 886 1114 t
906 1069 976 1114 non
995 1046 1060 1114 luit
1083 1048 1180 1116 inno·

99 1160 233 1228 escum·
251 1158 344 1228 lilius
362 1177 457 1242 tuus,
478 1183 580 1251 quam
595 1153 766 1230 Rutilius³
787 1186 795 1244 ;
813 1183 1008 1230 carcerem:
1027 1186 1095 1230 non
1116 1163 1181 1232 fuit

99 1275 302 1368 sapientior,
314 1298 416 1366 quam
429 1275 584 1344 Socrates
599 1275 812 1362 ,voluntario
826 1277 968 1346 vulnere
980 1279 1180 1347 transfixum

100 1407 223 1485 peetus
244 1391 426 1476 :nonfuit
442 1392 611 1474 sanctior,
636 1393 852 1484 quamcato.
875 1391 993 1484 Quum
1011 1393 1075 1462 ista
1097 1417 1180 1487 per*

100 1509 268 1603 spexeris,
289 1509 376 1578 scies
392 1509 518 1602 optime
535 1531 614 1577 cum
630 1508 686 1576 bis
702 1509 772 1602 agi,
787 1532 872 1601 quos
888 1525 1031 1592 natura,
1048 1511 1129 1603 quia
1140 1510 1183 1578 il-

99 1623 149 1692 los
162 1623 233 1692 boc
247 1623 406 1692 manebat
418 1625 495 1692 vitae
509 1622 717 1718 stipendium
729 1617 758 1707 ⁴,
775 1627 842 1692 cito
857 1625 894 1692 iu
913 1640 1023 1693 tutum
1036 1627 1177 1720 recepit.

98 1729 195 1810 Nibil
215 1756 269 1809 est
288 1756 355 1808 tam
372 1739 493 1820 fallax,
515 1739 618 1834 quam
632 1742 701 1810 vita
715 1742 864 1808 humana
885 1770 894 1830 3
914 1741 1002 1810 nihil
1018 1757 1085 1810 tam
1099 1743 1183 1812 insi-

100 1857 258 1944 diosum3
281 1881 351 1926 non
364 1856 560 1926 mehercule
580 1858 760 1950 quisquam
774 1857 981 1952 accepisset,
999 1860 1067 1929 nisi
1085 1859 1183 1928 dure-

100 1993 158 2044 tur
181 1975 325 2061 insciis3
346 1975 461 2067 itaque
476 1975 505 2042 si
521 1973 751 2044 felicissimum
774 1990 911 2044 estnon
931 1979 1024 2045 nasci
1041 2028 1051 2064 ,
1069 1979 1184 2072 proxi-
1298 2004 1309 2024 =

102 2117 194 2162 mum
212 2106 318 2184 puta,
344 2089 510 2158 brevitate
536 2090 613 2158 vitm
634 2089 832 2173 defunctos,
860 2092 928 2160 cito
948 2093 984 2160 in
1010 2093 1183 2186 integrum

102 2210 253 2278 restitui.
282 2211 438 2301 Propone
466 2205 552 2274 illud
571 2205 825 2275 acerbissimum
847 2207 912 2276 tibi
936 2215 1183 2304 tempus,'quo

101 2325 248 2418 Sejanus
263 2339 396 2416 patrem
409 2338 504 2391 tuum
522 2320 639 2390 clienti
658 2345 719 2390 suo
731 2323 842 2390 Sutrio
854 2317 1032 2391 Secundo⁵
1047 2326 1184 2419 congia·

102 2436 218 2512 rium⁶
240 2439 349 2508 dedit.
371 2437 585 2510 Irascebatur
603 2437 653 2506 illi
673 2437 717 2506 ob
738 2462 842 2506 unum
859 2453 920 2507 aut
937 2439 1081 2508 alterum
1096 2441 1184 2549 libe·
1209 2427 1212 2432 ¹

139 2651 316 2723 thmuis
323 2650 351 2716 (i.
362 2649 493 2724 apueritia
504 2647 621 2722 projectis
670 2647 771 2719 injuriis
782 2649 938 2702 defenderat.
945 2651 1064 2722 Smyrnte
1071 2652 1102 2704 in
1109 2652 1184 2706 exilio

104 2731 131 2782 iu
145 2728 289 2792 luxuriam,
303 2728 444 2782 immaturis
459 2726 620 2792 lurconibus)
671 2727 864 2802 vixit:aSylla
877 2742 1008 2802 revocatus
1018 2751 1072 2782 non
1085 2731 1186 2784 recessit
1261 2785 1262 2788 ,

103 2827 212 2861 summu
221 2809 277 2861 stlte
287 2827 418 2862 curarum.
426 2804 541 2858 EMSS.
552 2805 622 2858 dedit
670 2805 789 2864 Romam.
799 2806 970 2860 Ernestilnd.
982 2809 1048 2862 Hist.
1063 2809 1117 2863 cte.

103 2886 187 2938 Gron.
200 2885 246 2957 qui
264 2885 390 2958 copulaet
408 2905 423 2938 a
442 2882 543 2958 Lipsio,
562 2895 620 2936 aute
704 2883 728 2948 4.
740 2882 1184 2960 Stipendium-Elegausmstapbora

103 2983 213 3017 summo
226 2963 305 3018 inseri
314 2963 417 3036 jubente
428 2963 579 3034 rejecta,el
590 2965 620 3015 il·
668 2979 746 3031 quam
760 2961 1184 3030 duxitaremilitari,dumritam
1286 2985 1289 2993 ¹

103 3046 138 3095 lis
150 3053 248 3107 tuetur,
261 3041 356 3108 neseio,
368 3062 401 3095 an
411 3041 470 3094 satis
479 3054 553 3095 reete.
566 3044 621 3094 Aut
668 3051 779 3094 nostram
789 3041 943 3114 expeditioni
953 3063 1080 3096 unorum
1090 3043 1185 3096 mlta·

104 3119 237 3193 eleganter
247 3121 355 3188 «epilam
362 3159 370 3183 ,
383 3119 432 3181 ait,
443 3131 488 3171 aut
496 3139 567 3172 more
577 3140 620 3172 ve-
667 3137 725 3193 rum
738 3119 812 3171 tacite
829 3133 964 3194 comparat.
976 3121 1069 3177 Simile
1087 3120 1185 3193 aliquid

105 3210 188 3250 terum
200 3196 290 3250 saltem
302 3195 481 3270 transpositum
491 3209 528 3249 est
535 3233 543 3260 ,
555 3211 619 3270 pro:
667 3213 742 3267 supra
754 3195 865 3250 vidimus
884 3217 965 3268 quum
984 3197 1046 3252 dixit
1062 3199 1112 3252 boc
1127 3198 1184 3252 eod.

104 3285 155 3328 aot
165 3277 222 3328 illis
237 3277 266 3326 in
278 3277 424 3342 popinam,
441 3287 488 3328 ete.
500 3277 597 3328 Vereor
609 3315 617 3343 ,
668 3270 886 3328 libcontuberns'u
896 3278 968 3328 solvi.

105 3363 134 3402 ut
142 3350 233 3404 omnia
243 3369 305 3404 sana
315 3351 374 3404 sint.
384 3353 466 3404 Antea
476 3369 484 3404 t
490 3356 619 3422 projectis.
701 3349 1009 3422 5.SotrioSoeundo.Qui
1017 3353 1132 3408 Cordum
1142 3357 1185 3410 Se·

139 3451 163 3483 ι.
173 3431 245 3483 Ossa
253 3423 620 3505 vivislegents'umfflagranget
667 3427 719 3499 jani
731 3429 800 3501 jussu
807 3429 956 3503 postularia
969 3451 1023 3484 non
1034 3433 1114 3498 solus,
1123 3453 1184 3486 narn

106 3508 241 3577 lorsqu'ils
257 3509 391 3563 ditassent
408 3529 444 3562 un
457 3509 561 3562 ltomm
572 3513 620 3562 oi·
667 3518 803 3558 arcesserat
815 3506 933 3560 Pinarius
944 3507 1050 3578 quidam
1060 3510 1147 3564 Natta.

107 3584 333 3658 rantvulgoossu
340 3588 423 3656 legere
434 3585 466 3637 de
478 3586 509 3638 iis
519 3598 619 3638 tantum
700 3581 724 3636 b
740 3581 909 3652 Congiarium
920 3585 999 3638 dedit.
1016 3583 1183 3658 Congiarium

108 3661 201 3714 dieitur
217 3661 263 3733 qui
278 3665 373 3718 mortui
391 3665 452 3737 igne
464 3663 619 3718 conmemati
668 3662 840 3736 appellabatur
853 3663 1014 3736 donumque
1024 3665 1118 3718 milites
1132 3665 1185 3717 'tm-

106 3751 178 3809 sunt,
185 3761 266 3812 quum
276 3742 369 3796 ebusto
376 3743 472 3796 eineres
478 3756 502 3796 et
508 3763 563 3796 ossa
572 3743 620 3795 du·
667 3753 767 3813 perator
775 3740 970 3808 munerabatur,
981 3743 1132 3814 dehincque
1143 3743 1184 3801 sel

109 3831 209 3872 cuntur·
219 3819 312 3874 Noster
323 3834 368 3887 ,ut
377 3821 428 3876 vita
441 3822 517 3876 morti
528 3821 619 3874 similis
668 3820 763 3874 milites
775 3820 816 3874 vel
826 3821 945 3894 civesqui
956 3821 983 3875 in
994 3822 1102 3895 irnperio
1113 3823 1184 3877 altio·

108 3895 237 3968 judicetur
248 3911 292 3951 aut
303 3899 386 3974 potius
397 3901 518 3954 mortium
529 3901 621 3954 multa·
668 3898 813 3952 remlocum
820 3900 1094 3973 occupabant.(Siquid
1104 3901 1185 3954 fusius

108 3976 620 4048 rumcontinuatiomrsuaitsiventislegs‘.
670 3977 701 4031 de
718 3977 855 4052 congiariis
869 3979 934 4032 scire
951 3979 1014 4030 velis
1027 4017 1034 4040 ,
1047 3977 1087 4031 Ci.
1101 3979 1184 4034 Taciti

142 4053 619 4112 3.liuti1ius.l’.llutiliuslluloedam·
669 4055 977 4130 uostrivolum01V,pag.
995 4056 1053 4119 ubo,
1065 4075 1130 4128 sqq,
1139 4056 1184 4110 ubi
1285 4121 1296 4134 ι

110 4145 185 4186 uatus
195 4146 234 4186 est
243 4135 275 4187 ab
287 4135 429 4206 equitibus,
441 4135 511 4207 quod
519 4136 546 4189 in
558 4136 618 4190 Asia
670 4136 701 4189 de
718 4134 855 4208 congiariis
875 4134 907 4188 ab
924 4137 997 4188 Auso
1016 4135 1110 4188 Martio
1125 4154 1185 4208 rege

110 4225 220 4282 quattor
229 4213 393 4287 provinciales
404 4214 618 4288 apublicanorum
670 4215 702 4268 ad
715 4212 893 4270 Consuntium
911 4231 990 4283 usque
1007 4212 1185 4286 imperatorem
