2952 4938
303 481 369 550 652
637 477 706 546 DE
728 475 1037 550 BENEFlCllS

302 609 476 678 Orientem
497 604 787 702 Occidentemque
805 609 1003 678 lustraveris
1018 609 1130 676 animo
1152 658 1161 688 ‚
1184 631 1254 700 quo
1275 609 1382 674 etiam

302 735 431 790 remota
445 735 480 788 et
494 721 736 790 solitudinibus
754 723 937 792 interclusa
953 737 1191 816 penetrantur,
1207 745 1318 814 quum
1334 737 1384 788 tot

300 835 480 920 animalia,
501 851 626 906 tantam
642 839 775 931 copiam
788 861 926 920 rerum,
945 861 1030 930 quaa
1045 852 1166 907 natura
1182 837 1382 905 beatissime

300 952 432 1039 lundit,
451 958 638 1050 aspexeris,
654 959 811 1026 emittere
824 957 914 1026 hanc
927 959 992 1028 Dei
1004 982 1120 1027 vocem
1140 984 1149 1023 ε
1168 961 1249 1026 Haeo
1261 957 1382 1025 omnia

299 1093 374 1140 mea
392 1089 472 1142 sunt
483 1078 509 1142 ¹.
531 1075 588 1144 Sic
601 1074 640 1142 lit
649 1123 661 1160 ,
682 1089 721 1144 ut
736 1073 824 1144 nihil
843 1075 958 1170 cupiat
976 1101 984 1141 :
1005 1076 1087 1166 quis
1103 1073 1192 1142 nihil
1211 1090 1264 1142 est
1279 1088 1382 1143 extra

302 1190 449 1260 omnia’.

347 1309 407 1376 IV.
428 1311 530 1378 «Hoc
544 1309 668 1404 ipsum,
683 1303 828 1402 inquid,
844 1309 956 1395 volui,
971 1325 1070 1380 teneo
1083 1325 1116 1378 te
1129 1311 1224 1380 :volo
1237 1307 1377 1390 videre,

298 1419 466 1516 quomodo
493 1447 535 1492 ex
563 1425 618 1494 his
641 1419 792 1518 laqueis,
815 1425 851 1493 in
868 1449 954 1518 quos
977 1441 1033 1494 tua
1051 1443 1171 1519 sponte
1189 1423 1375 1512 decidisti,
1464 1455 1465 1476 κ

298 1539 492 1634 expliccris.
513 1542 580 1610 Dic
596 1542 704 1624 mihi,
726 1540 1008 1634 quemadmodum
1034 1559 1145 1638 potest
1166 1543 1292 1634 aliquis
1318 1541 1381 1608 do-

297 1681 382 1726 nare
399 1659 561 1752 sapienti,
584 1660 612 1728 si
637 1659 749 1728 omnia
768 1660 930 1752 sapientis
947 1661 1052 1729 sunt?
1076 1685 1153 1728 nam
1176 1658 1214 1726 id
1232 1681 1381 1751 quoquc

297 1771 392 1866 quod
410 1774 462 1843 illi
478 1773 600 1860 donat,
620 1777 727 1870 ipsius
743 1790 806 1843 est.
827 1775 946 1867 ltaque
966 1799 1034 1844 non
1052 1791 1162 1869 potest
1174 1775 1249 1843 dari
1264 1774 1379 1842 bene-

298 1890 414 1960 ficium
429 1893 574 1986 sapienti
594 1919 603 1960 ι
618 1893 674 1962 oui
692 1891 863 1986 quidquid
876 1891 989 1977 datur,
1004 1893 1047 1962 de
1061 1917 1121 1962 suo
1140 1891 1262 1978 datur,
1277 1895 1379 1984 atqui

258 2049 273 2084 s
298 2006 430 2092 dicitis,
451 2010 597 2102 sapienti
617 2033 715 2103 posse
732 2007 865 2079 donari.
882 2010 976 2078 Idem
991 2027 1104 2078 nutem
1118 2035 1173 2079 me
1187 2012 1272 2078 scito
1284 2025 1322 2077 et
1334 2010 1379 2076 de
1465 2033 1466 2038 ¹

297 2125 416 2192 amicis
434 2125 659 2220 interrogare.
681 2125 805 2194 Omnia
824 2121 962 2194 dicitis⁴
980 2125 1047 2194 illis
1065 2151 1138 2196 csse
1153 2127 1375 2209 communia:

298 2263 382 2335 ergo
400 2263 500 2309 nemo
519 2240 705 2333 quidquam
725 2243 833 2310 amico
852 2239 981 2310 donare
999 2259 1108 2337 potcst
1127 2271 1136 2310 :
1158 2243 1265 2311 donat
1282 2244 1377 2311 enim

298 2356 350 2425 illi
370 2357 572 2426 communio.
588 2383 605 2421 a
623 2355 768 2425 -Nihil
792 2349 974 2452 prohibct⁵
1000 2358 1133 2451 aliquid
1153 2375 1187 2427 et
1212 2359 1379 2452 sapientis

300 2495 396 2558 esse,
414 2488 449 2542 et
463 2474 538 2566 ejus
553 2473 612 2565 qui
630 2473 800 2566 possidet,
821 2473 876 2541 cui
899 2469 1014 2544 datum
1031 2490 1066 2541 et
1078 2475 1290 2568 assignatum
1307 2489 1374 2541 est.

300 2692 524 2766 cendietargutins
535 2712 612 2764 qnam
621 2690 712 2746 clarius
721 2691 808 2745 delen·
857 2694 1064 2748 communionem
1078 2692 1145 2746 inter
1156 2692 1252 2745 amicos
1265 2692 1380 2745 adscribi
1466 2689 1467 2744 l

300 2771 402 2840 dendi,
420 2771 635 2825 calumniarentur
650 2783 724 2841 atque
741 2769 809 2822 desi·
857 2783 972 2838 constat,
1001 2772 1092 2846 quippe
1118 2771 1163 2842 qni
1185 2771 1286 2843 primus
1297 2770 1378 2822 dixit:
1466 2753 1467 2796 l

298 2847 394 2904 dorent.
408 2849 448 2903 Cl'.
459 2851 547 2904 llorat.
560 2849 679 2913 Sereni,
693 2848 716 2900 3.
731 2847 809 2916 Quod
856 2856 922 2906 ,Μὰ
937 2855 967 2906 sl
980 2855 1052 2920 ellos
1072 2849 1139 2906 sim.
1156 2850 1199 2902 Cl'.
1221 2849 1378 2921 Menagiusn

298 2947 359 2982 vero
369 2927 518 3002 plerumque
529 2926 641 2980 evenisse
652 2938 748 2978 consul
758 2925 807 2991 iis,
857 2931 889 2984 sd
900 2931 1044 3004 Diogenem
1052 2928 1260 2990 laert-vlnus.
1269 2927 1378 2998 Recepit

298 3007 343 3080 qui
372 3007 540 3082 philosophice
560 3005 691 3060 historiam
717 3005 808 3058 callent
857 3027 958 3079 quoque
970 3009 1092 3062 Socrates.
1105 3006 1176 3059 llinr
1190 3005 1301 3058 snutmti
1315 3015 1378 3057 sunt

298 3095 323 3137 et
339 3105 419 3160 nuper
437 3085 528 3140 Kantii
548 3083 691 3138 Criticismo
704 3083 809 3136 inrale-
856 3085 947 3146 Stoici,
959 3085 1187 3138 coloretamensno
1200 3083 1273 3136 allito
1285 3103 1293 3137 :
1303 3083 1375 3135 dirc-

297 3175 382 3218 tcenle
394 3165 489 3217 lactum
501 3183 562 3217 esse.
856 3176 916 3216 runt
933 3162 1015 3226 enim,
1037 3161 1174 3215 amicitiam
1190 3181 1244 3214 esse
1268 3160 1375 3231 quidem

334 3261 354 3294 t.
368 3241 432 3295 Mea
450 3251 513 3294 sunt
530 3253 653 3312 qnatenus
672 3239 760 3292 animo
782 3251 808 3292 et
857 3240 1066 3295 communionem
1079 3239 1282 3292 necessariorum
1294 3239 1375 3300 rita,

298 3321 449 3392 cogitatione
462 3322 493 3374 iis
511 3321 597 3384 fruor,
620 3319 665 3392 qui
686 3319 763 3372 aciem
783 3331 807 3370 et
855 3319 898 3372 sed
912 3317 979 3371 solos
991 3317 1058 3370 inter
1069 3317 1149 3370 bonos
1163 3330 1268 3390 propter
1279 3315 1372 3368 simili·

297 3397 363 3450 mihi
373 3399 428 3452 brec
439 3400 503 3451 lacta
514 3418 575 3452 esse.
854 3397 970 3450 tudinem
980 3396 1115 3449 consistere
1123 3393 1373 3468 posselliogdaert.

331 3493 354 3527 a.
366 3475 458 3529 Eadm
465 3480 556 3530 omnia
565 3513 572 3543 ,
582 3495 643 3530 nam
654 3476 709 3530 hac
719 3476 806 3528 omnia
854 3475 925 3540 Vll,
940 3476 985 3540 aad
999 3487 1051 3526 not.
1062 3475 1097 3526 Et
1109 3494 1139 3526 ea
1150 3473 1200 3526 lanc
1220 3473 1375 3546 Sinopensis

297 3567 381 3608 censet
390 3572 443 3609 tua.
855 3553 985 3626 Diogenes
1000 3550 1168 3605 concludebat
1178 3550 1322 3625 sapientem
1331 3571 1374 3601 ve-

329 3631 732 3705 lV-AttoAEtaiomniasapientis
738 3645 807 3697 sunt,
856 3649 913 3682 rum
921 3629 1024 3684 divitem
1032 3647 1092 3681 esse.
1103 3627 1228 3690 Deorum,
1240 3627 1374 3698 inquiebat

297 3703 421 3760 beneficia
439 3719 525 3760 umen
545 3707 599 3759 dari
617 3707 723 3780 sapienti
744 3728 807 3780 pos-
855 3721 914 3760 sunt
930 3707 1017 3760 omnia
1034 3725 1041 3758 ι
1057 3706 1175 3758 Deorum
1192 3717 1280 3756 autern
1297 3703 1373 3756 amici

297 3797 366 3849 tunt,
377 3796 405 3837 ut
416 3785 470 3856 reqi
482 3823 490 3850 ,
511 3783 597 3837 omnia
614 3783 730 3855 quamvis
744 3803 807 3857 pos-
854 3799 914 3840 sunt
923 3786 1045 3858 sepientes
1053 3821 1062 3846 ‚,
1073 3797 1097 3836 et
1105 3784 1247 3836 amicorum
1258 3801 1374 3834 commn-

297 3863 599 3928 aideat,tamendonaro
616 3865 707 3934 aliquis
719 3875 806 3936 potest.
855 3865 898 3918 nia
917 3875 976 3918 sunl
999 3863 1104 3916 omnia:
1124 3861 1270 3934 sapientum
1294 3859 1373 3932 igitur

330 3942 353 3994 3.
361 3942 465 4012 Inquis-
473 3943 583 3996 Acuteet
591 3943 699 3996 feliciter
711 3943 804 3996 adrem
854 3956 913 3996 sunt
925 3942 1019 3994 omnia.
1030 3940 1090 3992 Vid.
1103 3957 1204 4008 quoque
1221 3938 1256 3990 ad
1267 3937 1324 3990 laaec
1335 3937 1375 3988 al-

296 4017 420 4092 applic'at,
434 4039 509 4089 aqua
522 4019 657 4075 videbatur
667 4020 745 4074 altire¹
853 4021 950 4074 ludent.
963 4017 1075 4071 Martial.
1088 4017 1133 4069 lib.
1148 4017 1191 4080 ll,
1205 4015 1275 4087 epig.
1287 4027 1373 4066 xtttt:

328 4095 353 4160 d.
368 4098 468 4150 Omnia
485 4099 572 4151 dicitis
583 4119 628 4152 vos
642 4099 720 4152 Stoici
731 4117 737 4152 s
751 4117 803 4150 non
855 4119 869 4144 s
881 4094 1011 4161 Candide,
1024 4097 1090 4147 sessis
1102 4095 1194 4161 pilos,
1209 4105 1258 4146 cte.
1268 4115 1282 4138 s

294 4175 367 4246 quasi
380 4175 434 4230 hec
446 4189 574 4246 tamquam
585 4177 634 4230 sibi
647 4178 746 4249 propria
758 4177 805 4228 di-
887 4177 902 4226 5
920 4174 997 4227 Nihil
1004 4173 1131 4241 patrasset,
1140 4183 1189 4226 etc.
1199 4171 1259 4222 Una
1269 4171 1373 4222 cadem·

297 4253 804 4327 cerent,naml’ytlsagoraeltauchonorum
854 4275 902 4324 que
915 4273 952 4306 res
964 4253 1040 4306 simul
1054 4253 1173 4325 sapientis
1186 4265 1211 4304 ct
1221 4251 1375 4325 possessoris
