2952 4938
330 521 398 614 ⁰7⁶
600 567 603 574 .
664 517 732 586 nn
756 515 1067 590 eumericus

329 647 554 722 Reddendum
569 651 659 718 enim
677 652 761 719 mibi
781 667 852 736 eet,
870 677 938 722 non
956 655 1156 723 servandum
1171 707 1179 734 ‚
1197 678 1307 747 quum
1324 659 1398 725 rod-

328 765 466 848 uidero,
486 783 545 836 aut
560 767 733 836 tuendum.
752 770 912 838 beneficii
928 774 1080 864 accepti,
1095 797 1163 841 non
1185 773 1317 842 redditi
1340 799 1397 844 cn-

328 883 469 954 stodiam
488 883 608 953 debeo.
630 887 719 954 Dum
738 886 830 978 apud
845 911 898 955 me
914 903 983 972 eet,
1003 889 1128 958 salvum
1147 885 1212 971 eit'3
1237 907 1397 958 caeterum

327 1001 407 1070 licet
422 1001 620 1095 accipientia
631 1001 786 1070 manibus
796 1001 932 1085 effluat,
954 1003 1102 1072 dandum
1121 1021 1172 1075 est
1186 1010 1394 1100 reposcenti.

284 1130 300 1182 3
326 1119 478 1190 Reddam
486 1119 590 1200 bono,
604 1143 709 1212 quum
724 1117 900 1213 expediet3
913 1119 1013 1206 malo,
1030 1147 1134 1214 quum
1144 1139 1251 1216 petet.
1270 1151 1288 1187 e
1300 1125 1394 1202 Tale,

325 1238 456 1329 inquit,
479 1235 705 1316 beneficium,
725 1235 825 1328 quale
844 1238 1026 1330 aooepieti,
1045 1238 1177 1306 nonilli
1197 1253 1297 1332 potes
1319 1239 1395 1306 red-
1465 1271 1466 1320 g

324 1347 592 1442 derebccepitti
601 1351 879 1443 enimaeapiente
893 1351 1015 1421 :stulto
1026 1343 1395 1436 reddia.nNon3reddo
1465 1357 1466 1386 ³

323 1466 374 1534 illi
388 1471 414 1548 ¹,
436 1465 537 1556 quale
557 1489 649 1534 nuno
666 1482 775 1559 potest
795 1467 953 1558 accipere
974 1493 982 1532 :
1005 1489 1069 1534 nec
1086 1490 1150 1559 per
1166 1490 1221 1534 me
1240 1468 1281 1534 fit
1306 1467 1396 1558 quod

269 1656 275 1670 ⁴
323 1583 497 1663 deterius,
516 1581 576 1650 aed
592 1606 655 1675 per
672 1581 785 1668 illum3
808 1583 844 1652 id
858 1583 952 1674 quod
969 1584 1107 1676 accepi,
1128 1581 1285 1650 reddam.
1309 1586 1392 1668 Cui,

323 1703 351 1768 ei
365 1700 410 1769 ad
423 1701 621 1794 sapientiam
638 1697 803 1782 redierit,
821 1700 960 1768 reddam
975 1702 1077 1792 quale
1096 1703 1213 1794 aooepi
1233 1729 1241 1768 :
1262 1701 1347 1770 dum
1362 1705 1396 1768 in

282 1831 298 1894 4
324 1817 421 1886 maiis
436 1831 506 1896 eat,
519 1816 659 1884 reddam
669 1815 769 1907 quale
782 1815 827 1884 ab
840 1815 899 1884 illo
913 1832 1023 1910 potest
1032 1820 1155 1911 accipi.
1173 1847 1188 1882 n
1201 1818 1320 1910 Quid,
1344 1821 1396 1886 in·
1465 1857 1466 1882 ;

322 1935 414 2025 quit,
436 1933 465 1999 oi
481 1954 549 1998 non
570 1946 698 1998 tantum
713 1931 819 1999 malua
834 1932 1025 2012 metuerent,
1043 1932 1103 2001 eed
1120 1935 1235 2016 ferus,
1256 1933 1319 2002 sed
1333 1937 1396 2002 im-

322 2047 451 2130 manis,
473 2045 581 2135 qualis
598 2042 840 2137 Apollodorus,
855 2045 1107 2116 aut-Phalario²
1121 2069 1130 2113 :
1143 2063 1178 2114 et
1191 2047 1274 2115 huic
1286 2047 1397 2116 bene·

321 2165 457 2246 finium,
472 2159 564 2254 quod
576 2185 773 2254 aeoeperao,
793 2162 915 2232 reddes
926 2165 966 2231 tn
985 2166 1209 2234 Mutationem
1226 2166 1393 2258 sapientis

322 2295 447 2348 tantam
467 2294 587 2346 natura
606 2300 674 2344 non
692 2279 840 2370 patitur3
869 2303 944 2346 nam
970 2283 1006 2348 in
1030 2283 1174 2372 pessima
1190 2281 1235 2350 ab
1255 2283 1393 2375 optimis

323 2397 453 2490 lapsus,
483 2417 620 2462 necesse
646 2411 696 2460 eet
719 2396 819 2461 etiam
837 2396 874 2462 in
892 2395 979 2462 maio
996 2398 1139 2489 vestigia
1157 2395 1239 2466 boni
1259 2414 1390 2466 teneat.

323 2637 428 2711 pecunia
447 2637 475 2690 in
496 2649 586 2687 terram
607 2632 703 2686 reddita
725 2630 831 2686 caderet.
881 2653 934 2686 rem
952 2635 1034 2708 geroio
1054 2636 1117 2688 Μοι
1137 2647 1222 2706 captus
1238 2648 1263 2687 et
1280 2635 1397 2710 benigne

359 2735 379 2766 r.
391 2714 467 2776 Non,⁸
477 2715 556 2766 reddo
562 2715 604 2765 tto·
611 2725 658 2764 etc.
668 2711 831 2782 optimorum
880 2710 989 2777 babitus,
997 2713 1192 2766 inventioni-nm
1201 2714 1301 2765 animos
1316 2733 1397 2783 utque

322 2789 831 2854 baeteatcodddeetiotaliiNam3Num:
880 2789 1397 2856 adenconciliavitiibimtduxerearetnr:
1465 2823 1466 2828 =

222 2927 226 2934 ¹
322 2870 366 2922 aed
386 2881 475 2922 notum
497 2881 533 2921 est
548 2868 593 2920 baa
609 2867 709 2920 voculas
726 2868 791 2920 inter
805 2885 830 2917 te
880 2881 965 2920 tamen
978 2882 1032 2940 post
1046 2868 1126 2920 multa
1140 2869 1399 2942 acmagnahninora

322 2949 472 3002 commutari
484 2943 626 3000 olibariis.
642 2945 762 3000 Erasmus
783 2945 836 3012 pri-
885 2947 1010 3002 invidiam
1025 2947 1160 3000 concitavit
1176 2959 1263 2999 eontra
1282 2967 1310 2999 se
1332 2951 1399 3001 etin

323 3048 394 3080 mum
403 3027 523 3079 distinxit.
532 3027 593 3078 Non
603 3043 610 3075 :
619 3026 703 3077 reddo.
711 3025 837 3080 Muretus:
885 3024 998 3077 exsilium
1007 3023 1323 3098 puisusest.Quamobrem
1331 3029 1399 3098 apud

323 3124 376 3157 mm
387 3106 481 3168 addo,
498 3103 565 3172 quod
579 3103 685 3174 sumpsit
702 3121 730 3154 ex
739 3104 836 3155 Eratmi
873 3101 1014 3154 'canarios
1025 3123 1051 3154 se
1062 3101 1183 3165 contulit,
1202 3112 1225 3152 et
1238 3101 1400 3172 benignissi-

324 3177 836 3255 paraphrasiNimisconfidenterbipsiut:
884 3201 938 3246 me,
949 3195 977 3232 nt
986 3181 1051 3233 inter
1060 3180 1220 3243 levantium,
1231 3191 1356 3233 tractatus
1367 3184 1399 3232 fe·

325 3257 351 3314 in
364 3283 435 3326 ineo,
447 3263 494 3324 ait,
506 3260 597 3312 veritus
605 3280 611 3310 :
620 3261 694 3312 Nam
704 3263 793 3314 reddo.
884 3259 980 3311 minam
989 3259 1397 3330 nobilemduxit.quaeTimocnti

359 3363 381 3394 a·
405 3341 594 3408 Apollodorus,
618 3349 666 3390 aut
686 3336 832 3402 Phalaris,
884 3337 945 3389 olim
953 3351 1030 3408 nupta
1039 3337 1264 3408 Agrigentinorum
1273 3339 1347 3400 duci,
1357 3339 1401 3390 de·

326 3419 425 3491 tyranni
439 3416 621 3480 erndelbnimi,
635 3415 769 3486 dequibus
783 3417 833 3487 jam
885 3415 944 3468 binc
963 3415 1090 3488 repudiata
1108 3415 1198 3467 suerat.
1220 3415 1280 3484 Qua
1298 3416 1399 3467 cobor-

327 3517 374 3549 ποι
384 3495 481 3566 aliquid
493 3493 640 3546 monuimus
659 3495 689 3545 ad
710 3493 790 3546 libii
803 3494 833 3546 de
885 3503 965 3556 tante,
981 3493 1161 3564 Agrigentinos
1172 3489 1237 3543 fines
1248 3492 1362 3547 invasit,
1377 3507 1398 3543 et

327 3577 435 3636 kanb,
450 3573 557 3624 t.Porro
566 3570 737 3643 Apollodorus
748 3585 832 3644 tyran·
882 3569 997 3622 omnium
1012 3570 1092 3622 victor
1107 3590 1164 3640 qnae
1177 3570 1257 3622 bostis
1271 3591 1401 3644 opposue-

327 3656 413 3708 nidem
423 3652 527 3706 Athenio
537 3651 659 3715 obtinuit,
671 3671 744 3720 quam
754 3671 832 3721 quum
881 3662 936 3712 rat,
949 3647 1010 3702 urbe
1022 3649 1114 3720 potitus
1128 3662 1180 3710 est,
1200 3663 1224 3702 et
1240 3649 1398 3722 Agrigenti-

327 3734 496 3790 crudelissime
504 3731 772 3794 exercuisset‚tandem
785 3731 834 3782 evi·
883 3745 972 3778 norum
984 3746 1011 3778 oe
1023 3725 1163 3800 principem
1171 3727 1329 3780 nominavit.
1343 3729 1397 3778 No-

327 3829 379 3868 ctua
394 3826 431 3864 eut
447 3824 471 3863 et
484 3808 660 3862 miterabiiiter
683 3808 834 3862 interiectus.
883 3816 967 3856 tutent
978 3803 1094 3877 inprimit
1106 3803 1220 3856 Phalaris
1234 3823 1300 3858 tren
1314 3817 1398 3866 horo,

326 3889 440 3944 Phalaris
450 3908 509 3942 vero
520 3889 597 3959 longe
616 3886 744 3955 antiquior
763 3888 834 3950 (narn
884 3901 959 3951 quem
971 3903 986 3934 a
999 3882 1093 3935 Petilio
1114 3882 1266 3935 Atheniensi
1285 3883 1400 3936 fabrica-

326 3969 389 4023 obiit
401 3963 717 4027 ann.ant.Cbr.nat.552),
732 3966 835 4034 Astypa-
885 3973 938 4012 tum
948 3959 1026 4012 aiunt.
1034 3959 1220 4012 Pernsaeltt:
1230 3984 1243 4008 ι
1253 3963 1333 4013 Anne
1352 3981 1399 4012 rna-

326 4047 380 4100 laeae
388 4058 458 4098 natus
466 4055 501 4096 est
510 4039 600 4093 illustri
606 4039 662 4092 loto
672 4052 695 4090 et
702 4038 837 4110 opulentis·
886 4037 923 4110 gis
936 4037 1017 4089 Siculi
1027 4050 1178 4110 gemuerunt
1188 4057 1239 4092 tera
1250 4037 1359 4110 juventi
1368 4039 1378 4090 ?
1386 4063 1398 4080 ²·

326 4115 835 4194 simopanemquumadolescentiamvix
886 4116 1070 4188 Apollodorum
1092 4130 1116 4168 et
1138 4117 1264 4170 Phalarin
1290 4119 1400 4187 junctim

328 4185 527 4274 egressusprirna
538 4195 662 4270 stipendia
673 4195 777 4258 sereret,
789 4195 835 4252 nt-
886 4193 1011 4246 exbibitno
1031 4195 1127 4248 videbis
1146 4215 1250 4266 quoque
1271 4196 1300 4246 in
1318 4195 1400 4248 Cietr.

329 4300 411 4332 versus
419 4277 572 4330 Leventinos
581 4288 682 4326 strenue
692 4286 716 4325 et
726 4271 831 4324 feliciter
864 4263 866 4278 ¹
885 4271 916 4322 de
935 4273 1025 4324 Natur.
1046 4275 1124 4326 Dour.
1146 4273 1191 4326 lib.
1213 4275 1268 4337 111,
1287 4295 1347 4348 cap.
1362 4279 1402 4328 82.
