2952 4938
298 471 367 542 668
632 471 701 540 DE
723 469 1028 542 BENEFICIIS

299 599 372 670 lent
388 625 396 666 ι
411 623 555 694 quorum
576 600 675 696 plura
688 601 819 686 oscula,
837 617 872 671 et
889 601 1084 695 complexus
1095 600 1284 684 arctiores,
1300 623 1367 668 non

299 730 427 809 augent
439 739 609 801 amorem,
626 717 687 787 scd
699 733 868 788 exercent.
889 721 971 787 llaec
987 739 1124 810 quoque
1137 721 1163 798 ¹,
1183 740 1265 807 quae
1275 719 1370 784 venit

302 831 458 922 qnaestio,
477 831 658 926 profligata
674 848 727 901 est
742 835 780 901 in
792 833 965 928 prioribus
977 859 985 898 ι
998 831 1113 923 itaque
1126 829 1284 898 breviter
1295 854 1369 923 per·

262 971 278 1004 ³
301 948 499 1041 stringetur.
519 951 664 1018 Possunt
677 951 768 1018 enim
788 951 825 1018 in
844 952 970 1032 hann',
990 971 1067 1040 que
1081 945 1160 1015 data
1173 962 1257 1014 sunt
1268 947 1368 1030 aliis,

301 1080 501 1157 argumenta
520 1065 710 1134 transferri.
730 1065 919 1158 Quaeritur,
935 1061 1057 1155 an'qui
1076 1064 1189 1131 omnia
1210 1061 1316 1144 fecit,
1336 1076 1373 1130 ιιι

301 1177 506 1248 beneficium
520 1179 699 1268 redderet,
716 1179 917 1250 reddiderit.
932 1181 978 1249 Ut
990 1179 1093 1261 scias,
1105 1169 1258 1268 inquit³,
1276 1178 1373 1245 illum

302 1319 374 1366 non
386 1295 598 1381 reddidisse,
614 1299 725 1366 omnia
740 1297 837 1380 lecit,
853 1311 893 1367 ut
907 1293 1078 1364 redderet.
1097 1293 1252 1387 Apparet
1265 1317 1371 1387 ergo,

303 1435 374 1480 non
394 1433 468 1480 esse
486 1409 524 1479 id
546 1411 688 1494 lactum,
715 1411 812 1504 cujus
837 1407 985 1480 faciendi
1001 1409 1212 1477 occasionem
1225 1429 1302 1474 non
1319 1407 1375 1475 bn·

305 1525 381 1596 buit
396 1551 403 1592 :
421 1541 460 1594 ut
476 1524 639 1596 creditori
652 1550 713 1596 suo
726 1527 905 1621 pecuniam
918 1549 987 1594 non
1005 1524 1167 1605 solvitis,
1182 1523 1246 1614 qui
1260 1539 1304 1592 ut
1315 1522 1377 1591 sol·

266 1648 282 1700 ³
306 1655 420 1723 reret,
437 1641 566 1735 ubique
581 1643 753 1734 quesivit,
767 1666 833 1712 nec
843 1643 986 1712 invenit.
1004 1633 1189 1732 Quaedam⁴
1204 1640 1284 1732 ejus
1295 1663 1377 1708 con-
1463 1635 1464 1668 ¹

306 1755 445 1826 ditionis
459 1773 554 1842 sunt,
567 1774 606 1826 ut
618 1758 775 1828 effectum
788 1773 950 1851 prestare
963 1747 1129 1824 debeant⁵
1143 1781 1151 1822 ε
1167 1753 1377 1846 quibusdam

306 1897 369 1966 pro
382 1875 505 1944 effectu
517 1891 585 1958 est,
602 1877 714 1944 omnia
727 1891 928 1957 attentasse,
945 1889 984 1942 ut
997 1873 1187 1941 efficerent.
1206 1874 1245 1940 Si
1261 1873 1377 1941 omnia
1463 1863 1464 1876 ¹

307 1989 388 2058 lecit
407 2006 446 2058 ut
464 2007 618 2076 sanaret,
639 1993 774 2085 peregit
792 1989 943 2078 medicus
960 2005 1074 2081 partes
1088 2011 1187 2073 suas;
1204 1988 1312 2054 etiam
1325 1984 1381 2054 da·

306 2118 420 2176 mnato
437 2131 517 2189 reo,
540 2110 666 2177 oratori
683 2123 814 2178 constat
827 2107 1028 2201 eloquentie
1045 2106 1219 2188 officinm,
1238 2105 1271 2172 si
1290 2104 1379 2172 omni

302 2221 383 2314 jure
398 2245 479 2290 usus
499 2218 584 2290 cst⁶.
603 2223 718 2291 laus
709 2225 925 2316 imperatoria
941 2223 1043 2290 etiam
1056 2223 1146 2289 victo
1165 2210 1248 2288 duci
1264 2217 1382 2287 reddi·
1396 2221 1399 2231 ’

310 2342 400 2421 tort,
413 2338 441 2406 si
456 2353 491 2406 et
508 2335 704 2430 prudentia,
720 2354 754 2406 et
762 2337 944 2422 industria,
957 2354 992 2405 et
1004 2335 1164 2406 fortitudo
1179 2335 1382 2404 muneribus

271 2454 381 2530 tsuis
400 2453 515 2524 functa
533 2469 596 2522 cst.
617 2455 740 2524 Omnia
761 2448 875 2537 tenid,
897 2471 936 2522 ut
954 2452 1159 2520 beneficium
1180 2449 1379 2520 redderet:

312 2565 443 2636 obstitit
455 2567 506 2635 illi
521 2567 663 2636 felicitas
681 2583 751 2636 tua.
768 2564 995 2636 Nihilincidit
1007 2564 1143 2648 durius,
1160 2563 1258 2658 quod
1269 2588 1385 2634 veram

313 2811 412 2885 longius
427 2811 582 2876 detinuerat,
594 2811 741 2884 ideoqnesd
751 2812 822 2866 aliud
870 2811 916 2865 nbi
927 2811 1026 2866 librarii
1043 2811 1220 2886 repetitionem
1237 2830 1329 2863 earnm
1341 2831 1387 2862 vo-

313 2890 418 2942 trensire
426 2891 509 2942 studet
517 2909 524 2944 ι
533 2889 691 2944 Benefmiom
699 2890 822 2944 beneficio
872 2889 1056 2956 cuminvenio,
1067 2909 1121 2940 nou
1133 2907 1191 2940 mm
1202 2887 1287 2940 Gron.
1293 2888 1388 2939 veteris

314 2967 394 3038 majus
405 2989 457 3022 esse
470 2988 523 3022 nou
537 2981 625 3042 potest.
641 2969 727 3038 Quum
744 2968 824 3023 Stoici
871 2967 998 3038 scripture
1009 2965 1123 3039 vestigia.
1136 2964 1250 3017 Proinde
1263 2985 1320 3017 non
1336 2967 1389 3017 sui-

315 3046 404 3100 omnis
415 3057 480 3099 recte
491 3047 557 3098 lacta
572 3047 623 3112 (eli
637 3047 822 3114 κατορθώματα)
872 3044 1290 3120 fragorGronovioc'alidinsjnsto
1301 3065 1389 3097 emen-
1463 3029 1464 3064 t

316 3124 386 3198 paria
400 3141 452 3176 esse
464 3125 649 3188 consentirent,
657 3135 781 3176 utnotum
788 3134 826 3176 est
872 3125 943 3182 (lauti
955 3144 963 3178 ι
974 3128 1000 3177 si
1007 3127 1080 3176 omni
1087 3142 1115 3176 re
1125 3126 1154 3174 ia
1163 3127 1255 3175 onmia
1268 3129 1388 3176 mest.

317 3200 357 3254 vel
369 3221 382 3252 e
394 3199 524 3253 Ciceronis
539 3199 689 3263 hadonis,
701 3199 826 3271 sequeba-
873 3205 992 3257 Eminet
1003 3222 1011 3257 ι
1023 3207 1047 3256 si
1062 3205 1136 3255 omni
1144 3213 1201 3255 orte
1217 3221 1284 3256 usus
1299 3215 1389 3256 est.-

317 3277 575 3332 turetltenebtiaesse
581 3279 824 3352 paris.—Etplttm‚
873 3281 908 3334 St'
918 3285 991 3334 omm’
998 3287 1056 3345 ism
1067 3297 1131 3331 usus
1143 3289 1195 3340 est,
1211 3277 1228 3329 i.
1238 3299 1261 3330 e.
1269 3279 1390 3331 siomnis

317 3357 404 3430 supple
412 3377 467 3411 esse
473 3368 591 3426 possunt.
874 3359 972 3422 attulit,
986 3375 1042 3428 que
1055 3356 1093 3429 jos
1104 3355 1132 3407 in
1143 3355 1192 3408 bac
1204 3375 1280 3410 cama
1291 3355 1317 3410 ei
1330 3375 1390 3429 snp-

354 3454 375 3486 t·
393 3434 462 3488 Haec
477 3453 578 3506 quoque
591 3435 620 3486 in
639 3433 763 3507 prioribus
780 3433 826 3485 in·
868 3435 1002 3509 ¹peditabat
1019 3447 1043 3486 et
1059 3433 1228 3506 permittebat;
1258 3434 1281 3487 si
1297 3434 1390 3486 omnis

319 3510 434 3577 ebotrit,
445 3523 469 3564 et
477 3529 550 3578 pene
559 3509 674 3565 coniecit.
686 3510 727 3574 ll,
737 3509 765 3562 31
775 3529 826 3580 seq.
876 3531 933 3582 qne
943 3514 1025 3564 lacere
1039 3509 1145 3575 licebat,
1157 3510 1255 3564 fecerit.

353 3589 599 3657 2.Pussunt...tunc‚
609 3611 643 3643 se·
654 3590 828 3661 questionem.
912 3609 933 3658 7.
949 3589 1023 3642 Laus
1037 3591 1205 3656 imperatorio
1221 3591 1305 3641 etiem
1325 3595 1393 3643 victo

353 3666 378 3719 ³.
390 3667 498 3737 Inquit,
511 3667 635 3740 objicitur.
877 3667 939 3719 duci
954 3687 975 3718 r.
989 3665 1069 3738 Lipsii
1084 3679 1121 3718 est
1133 3665 1295 3728 emendatio,
1309 3687 1391 3738 quum

354 3747 379 3812 4.
395 3745 545 3816 Qeoedom,
560 3757 606 3799 etc.
619 3746 766 3819 Respondet
777 3746 829 3798 ob-
878 3758 951 3798 entea
963 3756 1026 3798 esset
1039 3761 1046 3796 ε
1060 3749 1121 3798 lons
1137 3748 1294 3812 impensuri
1307 3749 1392 3798 ιιὶωιι

322 3824 433 3898 jectioni.
733 3866 737 3882 .
878 3827 944 3876 victo
956 3825 1049 3875 etdnct'
1055 3843 1076 3876 r.
1089 3821 1170 3875 Codd.
1177 3822 1339 3876 Nas.etCol.
1349 3825 1394 3876 ds-

356 3906 518 3958 5.Proestore
531 3903 654 3969 debeant,
669 3923 692 3955 e.
710 3923 731 3956 c.
746 3901 830 3956 debita
879 3899 996 3954 bantzb.
1002 3904 1155 3969 imperatori
1163 3903 1243 3955 entim
1254 3905 1367 3956 victori.
1374 3925 1395 3955 r.

323 3983 440 4038 creditori
453 3982 518 4036 solvi
533 3980 633 4036 debent.
913 3979 936 4031 6.
951 3979 1050 4032 Omma
1051 3979 1135 4047 secat
1127 3997 1148 4029 rs
1159 3999 1205 4048 qur
1196 3977 1346 4033 beneficia
1353 4003 1395 4035 ac

356 4061 382 4114 6.
387 4060 420 4114 Si
427 4064 500 4114 οιιιηί
504 4067 683 4125 innumera
692 4057 750 4110 ste·
743 4059 832 4112 rncod.
881 4057 947 4130 cepit
958 4069 983 4108 et
991 4043 1095 4110 reddere
1106 4055 1203 4109 voluit:
1208 4057 1293 4110 sed
1265 4078 1351 4130 quum
1358 4080 1396 4110 res

326 4138 383 4193 cut.
400 4153 424 4192 et
438 4137 496 4193 aliis
513 4158 552 4211 ap.
573 4137 647 4190 (irnt.
663 4136 832 4208 bipninmque.
882 4146 931 4188 tun
949 4135 1043 4206 optime
1059 4113 1163 4187 succede
1164 4147 1242 4198 cent,
1263 4133 1340 4189 nulla
1360 4137 1397 4190 illi

326 4217 391 4272 God.
395 4218 487 4272 llas.
462 4237 485 4271 ss
496 4218 570 4271 omui
575 4235 599 4269 ss
605 4235 676 4270 ormu
687 4234 778 4269 narses
784 4224 832 4279 est
883 4212 981 4268 occatio
993 4213 1101 4286 gratim
1116 4171 1244 4270 referendi
1255 4213 1311 4266 fuit.
