2976 4944
322 481 357 523 ιο
614 460 683 526 DE
707 461 1092 531 PROVIDENTIA

314 587 461 679 optimis.
474 589 593 679 Neque
602 589 694 660 enim
705 569 819 660 rerum
829 589 1389 683 naturepstiturutunqusmbona
1480 653 1481 658 ,

313 705 412 772 bouis
422 719 577 772 noceant.
594 707 689 774 Inter
697 705 805 774 bonos
814 707 951 776 virosac
961 709 1070 776 Deum
1079 708 1227 776 amicitis
1234 723 1298 790 est,
1311 732 1390 775 con·
1480 697 1481 702 ἵ

314 821 599 889 ciliantevirtute.
614 821 809 890 Amicitiam
819 820 896 892 dico
906 824 1031 890 Pimmo
1042 824 1142 892 etiem
1153 835 1160 869 ¹
1173 823 1390 891 necessitudo
1480 881 1481 888 ,

313 961 354 1006 nc
370 937 556 1006 similitudo
575 965 582 1004 ε
600 939 762 1031 quonism
781 939 920 1032 quidem
935 940 1046 1009 bonus
1059 941 1132 1034 ipse
1147 956 1299 1034 tempore
1314 956 1390 1007 ten-
1480 935 1481 940 ’

316 1073 386 1124 tum
403 1080 424 1124 a
441 1057 514 1127 Deo
532 1053 666 1139 differt,
684 1054 871 1151 discipulus
887 1057 984 1150 ejus,
1001 1058 1245 1150 aemulstorque
1259 1073 1295 1126 et
1306 1081 1389 1124 vern
1480 1091 1481 1096 ¹

314 1174 518 1268 progenies,
539 1199 640 1266 quem
660 1198 785 1268 parens
804 1174 862 1242 iile
887 1153 1112 1269 magnificum
1134 1177 1299 1244 virtutum
1318 1197 1388 1242 nou
1480 1227 1481 1236 ,

315 1291 402 1358 ienis
415 1298 574 1372 exactor,
597 1291 685 1359 sicut
698 1292 807 1360 severi
828 1306 965 1384 patres,
982 1290 1102 1360 durius
1116 1291 1250 1360 educet.
1267 1295 1388 1383 Itaque
1480 1377 1481 1386 ἵ

315 1433 420 1499 quum
433 1405 561 1478 videris
574 1408 681 1477 bonos
691 1412 782 1477 viros
791 1424 1016 1502 acceptosque
1030 1409 1122 1488 Diis,
1141 1407 1297 1476 laborare
1308 1457 1318 1490 ,
1329 1433 1389 1476 su·

314 1526 417 1609 dare,
435 1551 498 1620 per
516 1524 662 1594 arduum
678 1525 865 1596 escendere
876 1531 903 1609 ²,
927 1525 1031 1595 malos
1050 1542 1162 1595 sutem
1177 1526 1334 1596 lascivire
1351 1542 1388 1592 et
1480 1551 1481 1568 ¹

314 1641 544 1736 voluptatibus
558 1643 687 1724 fluere,
709 1645 821 1737 cogita
839 1642 989 1712 filiorum
1007 1667 1068 1712 nos
1087 1642 1250 1711 modestis
1269 1641 1387 1711 deiec—

317 1760 400 1840 tari,
422 1758 640 1828 vernularum
660 1759 799 1826 licentis
814 1785 822 1824 z
839 1758 915 1826 illos
927 1756 1108 1852 disciplina
1122 1759 1264 1826 tristiori
1277 1760 1390 1826 conti-

316 1874 411 1956 neri,
434 1875 556 1944 horum
574 1874 620 1942 sli
633 1872 821 1944 audaciam.
842 1873 937 1942 Idem
950 1875 1013 1942 tibi
1028 1873 1070 1941 de
1082 1875 1154 1942 Deo
1166 1874 1306 1966 liqueat.
1323 1878 1390 1942 Bo-

315 2013 397 2056 num
417 1990 527 2058 virum
547 1990 584 2057 in
603 1989 735 2057 deliciis
757 2013 825 2058 non
845 1990 950 2058 habet
974 2017 981 2055 :
1003 1991 1199 2083 experitur,
1222 1988 1384 2072 indurat,
1480 1997 1481 2068 ζ

315 2105 491 2176 sibiillum
504 2121 686 2198 praeparat.
1480 2111 1481 2118 ’

364 2225 408 2291 Π.
432 2224 550 2315 Quare
575 2223 680 2290 multa
697 2223 795 2290 bonis
819 2223 901 2290 viris
919 2219 1062 2291 adverse
1078 2224 1269 2292 eveniunt?
1291 2223 1387 2290 Nihil
1440 2303 1446 2324 ,

315 2339 471 2408 accidere
487 2341 576 2410 bono
589 2339 663 2407 viro
677 2338 754 2406 mali
770 2356 903 2432 potcst3
920 2365 988 2406 non
1002 2341 1187 2408 miscentur
1200 2341 1384 2408 contraria.
1480 2333 1481 2336 '

315 2452 608 2547 Quemadmodum
630 2469 678 2521 tot
695 2477 835 2534 amnes,
858 2469 988 2521 tantum
1009 2477 1156 2547 superne
1177 2453 1388 2546 dejectorum
1480 2523 1481 2526 ,

316 2568 494 2650 imbrium,
507 2583 600 2636 tants
616 2565 943 2656 mediterraneorum
954 2569 1004 2636 vis
1015 2568 1160 2636 fontium
1171 2591 1241 2635 non
1254 2584 1388 2635 mutent

315 2709 469 2777 saporem
490 2685 592 2751 maris
610 2707 675 2750 nec
694 2683 872 2750 remittunt
891 2682 1030 2776 quidem
1050 2677 1076 2748 ³:
1103 2685 1150 2750 ita
1166 2680 1386 2752 adversarum
1480 2707 1481 2710 ¹

316 2804 461 2896 impetus
480 2827 595 2870 rerum
612 2801 678 2871 viri
697 2801 793 2868 fortis
816 2826 884 2868 non
903 2802 1005 2869 vertit
1023 2801 1186 2868 animum.
1210 2804 1327 2868 Manet
1351 2801 1387 2866 in

315 2933 423 3000 statu,
436 2934 471 2984 et
480 2915 650 3010 quidquid
659 2918 773 2985 evcnit
782 2917 819 2984 in
829 2941 927 2985 suum
937 2917 1085 2984 colorem
1095 2918 1211 2985 trahit.
1225 2921 1285 2984 Est
1295 2917 1386 2984 enim

315 3035 471 3104 omnibus
494 3037 642 3103 externis
667 3035 860 3128 potentior3
886 3057 952 3102 nec
972 3033 1038 3102 hoc
1060 3033 1136 3102 dico
1163 3060 1170 3100 :
1197 3058 1266 3101 non
1285 3035 1391 3101 sentit
1480 3055 1481 3118 ᾗ

317 3154 395 3236 ilia,
412 3151 472 3222 sed
490 3154 615 3234 vincit,
632 3168 667 3220 et
682 3152 835 3245 alioquin
853 3153 989 3244 quietus
1008 3151 1252 3244 placidusque,
1269 3169 1389 3220 contra

351 3393 370 3427 1.
380 3373 557 3425 Necessitudo.
567 3371 772 3424 Necessitudines
784 3389 824 3443 ep·
872 3367 1032 3432 escendere,
1055 3381 1084 3422 ut
1107 3369 1189 3441 priore
1211 3368 1267 3420 loco
1277 3407 1286 3432 „
1306 3367 1389 3420 multo

315 3449 473 3526 pellabantur
485 3449 608 3503 Romanis
623 3463 667 3502 aut
680 3449 825 3501 arctissimis
873 3448 969 3502 acutior
976 3461 1002 3501 et
1009 3447 1230 3521 viridior;quippe
1240 3466 1296 3518 quae
1306 3465 1391 3498 asceu-

315 3527 825 3599 illssemieitise,quibusdevinctinonjem
874 3527 1389 3602 dentisnisumcisresignificet‚ettsnto
1480 3543 1481 3550 ¹

315 3607 531 3671 dumet-’dunum
546 3606 643 3679 quidet
656 3604 724 3656 idem
737 3615 824 3668 mni,
875 3609 916 3664 isti
933 3607 1060 3662 vocabulo
1082 3609 1257 3672 (ascendere)
1271 3618 1420 3680 praestet,¹
1480 3625 1481 3632 ¹

314 3697 357 3738 aut
367 3686 563 3758 propinquitates
574 3683 774 3755 affinitatesque3
786 3681 825 3734 his
874 3702 973 3759 quanto
985 3687 1051 3761 apud
1067 3689 1196 3740 Nostrates
1208 3689 1235 3738 sis
1243 3689 1337 3754 gravis·
1346 3707 1390 3738 su-

315 3763 384 3814 enim
394 3765 465 3835 qussi
478 3764 615 3816 necessario
628 3763 727 3816 videtur
736 3775 824 3815 notius
874 3763 959 3836 petius
969 3778 1006 3816 est
1014 3764 1047 3832 τῷ
1054 3765 1156 3818 s’e'lrver
1163 3777 1206 3816 aut
1216 3774 1324 3816 menter.

315 3841 478 3894 connexuisse
489 3843 588 3894 animos
599 3854 622 3894 ct
634 3841 783 3894 devinxisse.
906 3844 930 3896 3.
945 3844 1006 3896 Non
1019 3854 1166 3898 Μανῆ...
1180 3845 1313 3894 remittunt
1330 3844 1390 3910 qui·

349 3941 371 3973 o.
390 3922 538 3972 Escendere.
560 3921 599 3972 En
615 3919 658 3972 hic
675 3937 759 3970 rursus
780 3915 823 3970 itta
873 3921 940 3970 dem.
951 3921 985 3972 H.
997 3919 1222 3972 e.smaritudinem
1234 3919 1302 3970 hanc
1313 3917 1389 3970 nimii
1480 3983 1481 3986 Ἴ

316 4019 364 4050 vos
374 3999 504 4050 escendere
513 3996 621 4050 occurrit
633 4015 709 4067 quum
720 4015 773 4048 non
783 4015 822 4047 se·
873 3996 931 4050 salis
943 3998 1012 4068 quod
1020 3997 1069 4050 sibi
1081 3998 1219 4052 admixtum
1228 3996 1334 4048 marina
1344 4015 1390 4046 un·
1480 4031 1481 4058 2

317 4077 366 4140 mel
379 4075 516 4130 Annaesnis
527 4076 554 4126 in
565 4074 636 4128 libris
651 4086 777 4146 repertum
793 4073 824 4124 iri
875 4075 1162 4140 decircumierunt‚sut
1170 4075 1264 4127 tollunt
1272 4073 1391 4132 omnino,
1480 4075 1481 4078 ’

315 4175 388 4225 supra
406 4154 455 4220 (dc
466 4154 561 4223 Tranq.
576 4153 662 4204 sinim.
678 4172 730 4225 cap.
742 4152 825 4205 ultim.
874 4166 918 4204 aut
929 4154 1092 4208 imminuunt.
1108 4155 1236 4206 Neutrum
1254 4173 1315 4204 vcro
1334 4149 1392 4204 ficri

315 4231 345 4288 Τ.
358 4231 379 4298 Ι,
390 4253 445 4306 pag.
459 4233 505 4298 347
518 4234 528 4298 )
539 4231 735 4285 asseveravimus
745 4251 751 4298 ς
762 4237 826 4304 etus»
843 4244 847 4253 '
876 4245 935 4284 note
947 4253 987 4285 res
997 4246 1041 4287 cst.
