2876 4956
297 429 361 514 aaa
621 427 691 495 nu
714 428 1028 514 reuertens

295 556 496 626 arctioribus
509 558 703 652 reprimam.
717 558 779 626 llla
791 582 884 641 vero,
902 559 1113 651 inquantum
1127 557 1223 641 libet,
1238 577 1349 627 exeat:

263 744 264 747 ,
296 673 357 742 sed
374 688 440 757 eat,
468 699 536 742 non
558 691 661 742 erret.
689 677 786 744 Licet
809 677 855 743 ita
881 675 1013 768 largiri,
1039 691 1077 744 ut
1099 679 1351 769 unusquisque,

296 791 398 858 etiam
411 791 439 857 si
451 814 527 858 cum
542 789 657 858 multis
670 791 812 883 accepit,
830 792 865 856 in
880 790 1005 883 populo
1019 814 1055 858 se
1069 815 1142 858 esee
1155 814 1226 860 non
1239 807 1352 883 putet;

296 931 395 976 nemo
413 932 482 976 non
499 907 623 975 habeat
638 905 786 1000 aliquam
803 907 1003 976 familiarem
1020 924 1156 990 notam,
1179 933 1355 1002 perquam

253 1042 269 1094 3
297 1039 458 1116 operette
477 1023 617 1115 propius
630 1021 811 1090 admissum
829 1027 853 1089 ¹.
875 1023 994 1105 Dicat,
1016 1023 1142 1118 Accepi
1161 1022 1252 1090 idem
1269 1021 1356 1114 quod

297 1140 374 1222 ille,
396 1138 456 1207 sed
472 1139 574 1208 ultro.
603 1140 728 1232 Accepi
755 1138 847 1231 quod
865 1139 923 1208 ille
939 1189 950 1221 ‚.
974 1138 1034 1206 sed
1057 1164 1121 1233 ego
1146 1140 1240 1207 intra
1256 1139 1358 1207 breve

297 1272 451 1350 tempus,
483 1279 589 1348 quum
603 1255 660 1323 ille
678 1256 737 1324 diu
758 1258 935 1324 meruisset
949 1261 975 1322 ².
1003 1258 1090 1325 Sunt
1111 1258 1171 1348 qui
1187 1255 1281 1324 idem
1298 1255 1357 1322 ha-

296 1374 401 1444 beant
415 1401 423 1440 2
439 1371 500 1442 aed
516 1397 588 1439 non
606 1371 732 1441 eisdem
748 1372 862 1440 verbis
880 1370 1015 1454 datum,
1032 1397 1101 1440 non
1122 1369 1243 1440 endem
1260 1373 1359 1439 comi-

298 1506 366 1558 tate
384 1490 576 1559 tribuentis.
593 1488 655 1557 Ille
670 1490 822 1582 accepit,
839 1512 944 1579 quum
963 1504 1112 1580 rogasset
1130 1514 1137 1553 :
1159 1512 1238 1580 ego,
1259 1511 1359 1578 quum

298 1628 455 1698 rogarem
467 1599 492 1671 ³.
514 1604 576 1671 llle
592 1606 723 1696 aceepit
740 1631 748 1670 :
769 1602 829 1671 sed
842 1603 942 1671 facile
958 1600 1176 1686 redditurus,
1193 1603 1255 1670 sed
1268 1603 1360 1694 cujus

300 1738 454 1792 senectus
474 1738 508 1789 et
523 1721 631 1788 libera
648 1721 774 1788 orbitae
784 1715 796 1763 ⁴
808 1743 930 1814 magna
946 1717 1164 1811 promittebat
1176 1718 1280 1786 :mihi
1290 1717 1362 1809 plns

301 1837 417 1920 dedit,
440 1835 592 1927 quamvis
617 1834 706 1902 idem
731 1834 885 1918 dederit,
915 1835 1067 1926 quisine
1092 1856 1151 1928 epe
1175 1831 1360 1928 recipiendi

338 2103 359 2134 ι.
376 2083 540 2135 Adnsissum.
553 2079 641 2154 Suppl.
653 2078 681 2130 iu
694 2077 808 2131 lamilia-
856 2077 995 2128 liberorum
1004 2074 1103 2126 orbitas
1115 2075 1227 2147 praefert,
1236 2073 1363 2149 quippeab

303 2159 399 2212 ritatem
419 2172 443 2210 et
459 2157 576 2210 intimam
596 2157 741 2210 amicitiam.
754 2158 808 2210 So·
856 2152 887 2204 iis
899 2154 1033 2225 profectae,
1052 2151 1097 2222 qui
1113 2171 1203 2205 vocem
1219 2153 1363 2204 Ιίὸιηιιοπ

303 2236 386 2288 lemne
409 2236 458 2288 boc
472 2235 622 2288 vocabulum
647 2238 757 2288 admitti
777 2233 809 2286 de
857 2228 1028 2301 intelligerent
1045 2228 1071 2280 h.
1087 2229 1126 2292 l.;
1143 2229 1268 2281 Gruterus
1287 2245 1363 2283 autem

303 2313 399 2367 amicis.
412 2313 489 2366 Unde
498 2315 562 2365 lacta
571 2312 625 2366 baec
631 2313 754 2384 loquendi
760 2315 809 2365 lor·
858 2321 988 2380 utramque
1000 2328 1087 2361 vocem
1099 2322 1150 2360 tam
1158 2308 1242 2361 libem
1250 2330 1329 2380 quam
1336 2313 1364 2361 li-

302 2393 371 2446 mula
385 2409 391 2442 :
407 2393 496 2444 Amici
509 2394 603 2457 primoe
618 2393 808 2452 redemtionis,
857 2387 1271 2462 demmintamquamsuperflnam
1281 2390 1363 2442 iurem

302 2474 381 2524 amici
390 2471 508 2523 secundoe
519 2472 705 2536 adrnissionis,
719 2481 764 2520 etc.
857 2467 950 2520 malam
975 2467 1061 2538 abigit.
1077 2492 1110 2504 -
1132 2469 1228 2520 Libera
1257 2468 1364 2520 ordelas.

337 2569 361 2600 2.
375 2545 430 2599 Sed
439 2565 484 2615 ego
494 2549 564 2598 intra
574 2546 646 2598 breve
658 2556 758 2612 tempus
761 2580 810 2594 ......
859 2548 934 2600 Liber
942 2545 1366 2620 estdissolutus,perditns‚qnamsi·

303 2621 810 2696 meruissei.Undeplusaliquissibiplau-
858 2623 1365 2699 gnificationembeneprobavitpmtalios
1421 2683 1422 2692 ἵ

304 2701 342 2754 dit
351 2722 380 2753 ac
388 2701 524 2754 blanditur.
535 2703 602 2752 Nam
610 2713 639 2752 ut
650 2719 725 2752 suave
734 2713 758 2752 et
769 2700 812 2772 ju-
859 2705 1027 2758 Ruhnkenius
1048 2704 1076 2756 in
1102 2706 1173 2776 prael.
1198 2704 1232 2756 ad
1250 2700 1368 2756 Sebelleri
1421 2693 1422 2752 l

305 2779 416 2832 eundum
429 2778 535 2852 superbo
552 2777 638 2829 animo
653 2791 689 2829 est
703 2777 811 2830 multum
861 2783 969 2834 bericon
990 2781 1224 2834 latino-batavum.
1245 2781 1328 2834 Cicer.
1340 2779 1366 2830 de

305 2859 442 2924 meruisse,
453 2859 486 2910 ita
499 2856 708 2929 jucundissimum
717 2871 740 2909 et
748 2876 812 2909 sua·
861 2859 931 2911 Orat.
942 2860 975 2923 ll,
985 2859 1016 2911 62
1031 2859 1150 2911 convivio
1160 2858 1317 2924 liberorum,
1329 2855 1367 2908 ubi
1421 2885 1422 2916 3

307 2939 436 2992 vissimum
462 2937 537 2988 etiam
560 2950 617 2990 ante
649 2938 811 3008 promeritum
861 2939 1136 3007 liberorum,tanquam
1147 2937 1269 3001 alienum,
1281 2939 1369 2990 Ernet·
1421 2925 1422 2986 i

307 3017 402 3078 amari,
418 3011 789 3080 laudari,etbenefieioaffici.
864 3033 902 3071 tus
913 3019 993 3082 delet,
1013 3019 1156 3071 Scbellerus
1175 3031 1257 3070 mutat
1273 3019 1302 3070 in
1319 3019 1368 3068 lm-
1421 3015 1422 3046 ⁴

341 3096 364 3146 3.
381 3091 704 3164 Qttumrogoremdiecepi
715 3105 814 3144 auctore
865 3116 1005 3169 percorum·
1015 3095 1070 3166 Ipse
1080 3097 1168 3150 Cicero
1176 3099 1272 3168 fragm.
1314 3093 1368 3146 troi
1421 3107 1422 3122 ¹

309 3175 417 3226 Grutero
436 3192 449 3223 e
467 3171 554 3224 codice
571 3171 632 3222 Nae.
647 3191 703 3223 cum
717 3171 815 3224 dnobus
866 3186 1002 3227 convocata
1014 3173 1046 3226 de
1062 3173 1167 3236 hortulis
1183 3174 1212 3226 in
1227 3119 1367 3236 auxilium,

310 3251 363 3304 aliis
375 3249 492 3319 quidem:
507 3268 551 3318 ego
568 3269 619 3300 non
631 3267 747 3318 rogarem
765 3248 817 3300 lta-
866 3251 938 3321 quasi
963 3251 1045 3304 libera
1070 3251 1147 3303 turbu
1169 3255 1368 3324 &malentem
1421 3257 1422 3268 ¹

310 3333 399 3392 bente,
413 3329 456 3380 sed
470 3329 511 3381 cui
523 3327 576 3380 baec
589 3328 665 3380 verba
678 3328 817 3400 superpicta
851 3367 855 3382 .
868 3329 917 3381 Pro
925 3328 1189 3383 Coel.e.181ibertasin
1199 3327 1368 3398 adolescentia.
1421 3393 1422 3400 ἵ

311 3425 383 3464 erant
393 3430 400 3464 t
412 3423 440 3463 ut
451 3409 512 3460 velit
529 3407 671 3479 impetrasse
683 3419 741 3459 ante
754 3419 817 3458 totas
868 3406 943 3459 Corn.
952 3409 1037 3478 Nepos
1046 3407 1073 3459 in
1081 3407 1204 3461 Themist.
1216 3409 1241 3475 3,
1253 3421 1310 3474 eto,
1318 3407 1368 3458 side

311 3508 412 3566 preces:
424 3507 482 3540 nam
497 3485 563 3538 ultro
579 3485 665 3537 datum
681 3485 817 3555 quominus
867 3485 981 3538 Gronov.
1002 3486 1075 3538 Obss.
1091 3486 1144 3548 lll,
1161 3489 1189 3553 4,
1210 3507 1235 3559 p.
1253 3487 1303 3540 352
1320 3487 1369 3558 lips.

313 3567 490 3629 admittamus,
504 3575 569 3615 recte
581 3562 675 3632 judicat
685 3562 816 3625 Gruterus,
866 3566 906 3618 De
917 3565 1067 3639 heredipetis
1084 3578 1168 3618 sutem
1186 3564 1230 3618 bie
1240 3565 1285 3637 agi
1298 3581 1368 3638 appt-

312 3647 407 3699 iaciunt
427 3641 593 3716 praecsdentia
614 3658 621 3692 t
642 3641 736 3710 Accepi
749 3643 818 3692 idem
867 3655 903 3695 ret
916 3661 922 3694 ι
935 3643 966 3694 de
979 3643 1070 3713 quibus
1082 3642 1132 3713 jam
1147 3642 1233 3696 Plau.
1249 3643 1280 3694 in
1296 3639 1369 3696 Milite

313 3725 454 3793 quoditie,
472 3721 522 3772 sed
534 3721 610 3770 ultro·
623 3723 701 3770 Antea
714 3735 720 3768 ε
737 3737 818 3787 quum
868 3720 923 3785 lll,
941 3740 950 3771 ι
965 3719 1078 3791 queritur
1090 3737 1097 3771 ι
1109 3721 1141 3772 cl.
1151 3719 1240 3772 Horat.
1251 3717 1368 3777 Serra-ll,

314 3819 436 3870 rogarer,
454 3815 510 3868 quae
526 3795 629 3866 quidem
647 3793 722 3846 lectio
742 3794 820 3847 nullis
869 3801 892 3850 5.
903 3795 1008 3868 Epictet.
1017 3794 1085 3847 Diss.
1096 3797 1141 3858 lV,
1159 3815 1181 3860 r,
1195 3795 1240 3862 145
1252 3808 1278 3854 et
1287 3796 1370 3847 Galac-

315 3874 391 3928 codd.
401 3895 460 3930 mss.
471 3871 626 3936 defenditur,
636 3871 758 3923 etsiacute
768 3871 823 3924 dic-
870 3875 913 3927 ler
932 3875 963 3926 ad
981 3875 1060 3926 Marc.
1079 3876 1175 3927 Anton.
1188 3873 1244 3933 vl,
1263 3877 1306 3946 ⁵9·
1321 3871 1370 3923 Jaru

316 3966 369 4006 tum
379 3955 512 4007 contineat.
870 3973 920 4023 quo
937 3951 1082 4004 dissolutior
1098 3951 1219 4004 orborum
1233 3949 1289 4026 rita
1301 3960 1369 4008 esset,

348 4032 372 4096 4.
382 4027 477 4083 Lt'bera
488 4030 594 4081 orbitas.
606 4027 648 4080 Sic
660 4025 749 4100 optimi
760 4023 820 4078 libri
871 4050 900 4081 eo
914 4029 995 4101 major
1013 4029 1060 4082 luit
1081 4028 1284 4100 heredipetarum
1306 4046 1370 4100 spes,

318 4120 342 4158 et
350 4107 432 4179 scripti
442 4121 467 4160 et
477 4107 538 4160 editi
547 4106 614 4181 apud
622 4106 695 4158 Grut.
708 4117 732 4157 et
740 4104 820 4156 Gron.
870 4108 922 4158 lore
932 4105 1002 4159 utilli
1010 4126 1068 4158 mor
1076 4107 1225 4158 moriantur·
1230 4103 1372 4158 Gronovius

317 4186 429 4257 quicum
441 4189 545 4240 Erasmo
558 4186 648 4251 sentit,
663 4197 687 4238 et
698 4183 820 4237 lectioni:
871 4197 1024 4238 tamencum
1041 4185 1147 4238 Erasmo
1163 4183 1228 4255 cepit
1242 4182 1328 4236 locum
1344 4179 1370 4230 dt
