2976 4944
517 421 691 490 CAPUT
718 422 781 488 Vl.
1136 425 1180 514 59

29 531 30 540 ἵ
118 549 160 614 ait
180 575 189 613 :
207 547 270 616 aed
294 549 410 645 populi
435 551 538 617 ecita¹
565 575 604 617 ex
631 574 752 643 magna
779 554 898 642 parte²
928 551 1095 642 sapientes
1121 547 1181 615 ab·

121 659 280 755 rogant⁵.
361 649 365 660 ’
498 651 501 656 ’

168 782 227 846 vl.
249 783 390 848 Remoto
405 779 647 874 igiturjudioio
660 781 830 875 plurium,
848 803 932 871 quoe
945 780 1055 871 prima
1068 803 1181 846 rerum
1209 801 1219 832 ¹

124 898 247 981 facies,
268 913 449 990 utcumque
465 896 595 965 credita
613 913 685 980 eet,
704 898 835 980 aufert,
855 895 1028 966 videamus
1042 893 1125 987 quid
1140 900 1183 962 sit

122 1015 279 1082 exsilium
296 1042 303 1079 :
322 1007 461 1108 nempc⁴
477 1014 542 1084 loci
558 1015 771 1084 commutatio
784 1029 846 1082 eet.
859 1013 1050 1106 Angustare
1063 1011 1182 1082 videor

123 1132 189 1198 vim
209 1123 328 1222 ejue⁵,
350 1146 385 1197 et
407 1128 574 1223 quidquid
593 1132 772 1223 pessimum
793 1131 828 1198 in
849 1153 883 1196 se
902 1129 1028 1210 babet,
1050 1129 1184 1196 subtra-

123 1243 206 1325 here
225 1269 232 1307 ι
250 1243 339 1310 banc
356 1243 647 1310 commutationem
667 1241 730 1310 loci
745 1258 935 1333 sequuntur
953 1237 1180 1323 incommoda,

123 1377 326 1452 paupertas,
346 1363 551 1454 ignominia,
567 1375 789 1454 contemptus.
807 1359 978 1428 Adversus
992 1361 1056 1426 ista
1069 1374 1185 1452 postea

123 1474 306 1566 confligam
333 1502 341 1539 ι
371 1476 504 1542 interim
534 1475 679 1567 primum
706 1472 793 1540 illud
819 1473 946 1540 intueri
974 1470 1070 1555 volo,
1101 1469 1184 1562 quid

123 1591 239 1656 acerbi
260 1591 377 1657 afferat
395 1592 466 1683 ipsa
485 1589 550 1656 loci
568 1590 792 1660 commutatio.
812 1616 827 1652 u
842 1591 967 1656 Carere
980 1583 1116 1681 patria⁶
1132 1588 1185 1654 in-

125 1706 303 1803 tolerabile
317 1729 379 1774 cer.
397 1733 413 1768 u
432 1704 576 1798 Adspice
593 1705 738 1798 agedum
755 1706 843 1773 hanc
861 1705 1109 1796 frequentiam,
1130 1706 1185 1772 cui

124 1923 345 1989 (ebdaomerba)
369 1919 544 1974 conciliabant
558 1921 632 1973 Conl.
683 1941 738 1973 rura
748 1942 838 1974 vocum
850 1935 971 1991 rogareet
973 1922 1046 1994 serre
1056 1922 1146 1993 paritas
1157 1943 1186 1975 ac

125 2001 258 2075 boettiger
270 2002 302 2053 ad
315 2001 454 2064 noratur,
467 2002 491 2062 5,
504 2001 543 2052 et.
555 2017 578 2071 p.
591 2001 633 2064 57:
683 2001 818 2066 eusampio,
830 2001 974 2053 recordetur
985 1999 1029 2052 ille
1045 2019 1096 2070 qno
1108 1998 1186 2052 modo

125 2077 492 2152 deindeuaurpatnrdecolore‚
503 2073 634 2147 quirnnlta
683 2077 722 2128 lea
741 2077 767 2129 in
785 2076 913 2150 republica
931 2077 1013 2128 lieret:
1033 2075 1187 2150 proponebat

126 2155 266 2230 promittit,
282 2155 326 2207 sed
347 2154 418 2206 facile
436 2152 633 2216 evanescit‚nee
684 2153 783 2212 consul,
807 2168 911 2227 prator,
935 2167 977 2206 aut
997 2153 1186 2228 tribunusque

125 2234 267 2305 quidquam
286 2243 404 2306 prestat,
426 2243 453 2283 nt
469 2230 495 2283 b.
512 2230 529 2282 l.
549 2231 635 2282 illine-
683 2231 782 2303 plebsin
790 2233 846 2284 loro
856 2243 898 2283 aut
907 2231 1035 2304 adoptaret
1042 2245 1187 2305 autrespne-

127 2334 169 2375 re,
198 2313 375 2364 circumlinere
402 2311 487 2360 lucum
510 2304 632 2368 orationi,
683 2323 734 2376 ret;
747 2311 801 2364 aliie
815 2310 906 2373 verbis,
917 2311 1020 2380 rogabat
1032 2310 1136 2378 consul,
1149 2334 1186 2385 pr.

125 2393 223 2456 verbis,
235 2391 273 2444 rei
282 2389 446 2456 cuicumque,
457 2388 498 2440 eni
517 2385 633 2458 aplaudo·
683 2401 726 2440 aut
734 2389 805 2452 trib,
817 2386 942 2441 sanciebat
951 2389 1057 2463 populus
1065 2389 1187 2443 velabro-

127 2491 180 2522 rem
192 2469 303 2540 aliqoern
311 2466 445 2520 conciliare
453 2465 529 2531 velis,
551 2464 634 2515 solen·
683 2466 1186 2542 gabatllincrogatioestquodnosbodie

126 2570 160 2602 ῃ,
173 2561 215 2600 31.
682 2544 834 2617 appellamus
839 2552 923 2612 profe!
932 2547 964 2596 de
973 2548 1025 2612 tot,
1046 2545 1187 2621 etapopuli

162 2645 184 2678 r.
191 2623 248 2678 Sed
249 2628 343 2693 populi
347 2624 419 2675 scita.
426 2623 479 2692 Ipse
484 2619 632 2671 sententiam
682 2621 742 2674 scito
752 2621 871 2695 discrepat
880 2621 921 2674 eui
932 2641 990 2674 vere
1001 2623 1185 2694 meritoquele·

126 2703 330 2775 mitigatadjecto
340 2721 376 2755 ea:
383 2705 567 2766 magnopore.
682 2699 719 2770 gis
734 2713 758 2752 et
767 2721 861 2753 nornen
874 2713 897 2754 et
908 2700 945 2752 vis
956 2700 1070 2772 contigit.

160 2781 244 2834 aEx
259 2800 357 2850 mergam
372 2789 455 2848 porte.
479 2777 633 2848 Frequenter
714 2779 1184 2854 {stampe-Manifesta:proculdubio.

129 2852 633 2932 enimroxpopulivoxDeiest.AtStoicoe
683 2857 756 2909 Hand
768 2856 907 2909 absimilem
923 2853 1098 2910 definitionem
1107 2857 1185 2911 exsilii

128 2935 297 3012 philosophiae
307 2933 422 3007 inprimis
433 2931 561 3005 proprium
572 2941 632 2994 erat,
683 2933 752 2986 dedit
761 2933 979 3005 Philiscus,quurn
992 2933 1141 2988 Ciceronem
1147 2956 1186 2988 ea·

129 3013 292 3066 intervallum
305 3029 425 3084 magnum
444 3029 496 3074 esse
510 3009 574 3061 inter
590 3028 633 3080 po·
682 3012 761 3064 sulem
772 3012 888 3085 apllion
902 3011 969 3064 Cass.
979 3013 1131 3078 XXXVIII,
1143 3013 1184 3078 al,

128 3091 183 3161 puli
193 3092 255 3143 scita
265 3103 289 3142 et
301 3109 345 3142 aua
359 3087 472 3144 decreta,
486 3085 577 3158 quippe
587 3105 632 3160 pro
681 3089 850 3143 consolaretur
866 3109 872 3141 ι
888 3089 929 3141 eui
947 3089 1004 3142 loeo
1024 3090 1115 3142 Noster
1135 3103 1184 3142 tarn

127 3167 338 3221 bominisnatura
348 3183 411 3236 sape
423 3163 552 3236 rigidiora.
681 3167 770 3220 similis
782 3180 817 3220 est
825 3206 833 3233 ,
841 3178 868 3218 ut
881 3167 960 3218 Dioni
978 3167 1106 3219 materiam
1124 3187 1185 3220 eon-

127 3307 130 3314 ,
160 3241 633 3310 Vl.Ano.Quumenimexsiliumni·
681 3243 896 3317 solationI,quarn
907 3243 1185 3314 Pbilieeotribuit,snp·

126 3321 165 3374 bil
182 3323 232 3374 nisi
244 3321 295 3374 loci
308 3319 470 3373 commutatio
485 3319 533 3381 sit,
546 3330 569 3370 et
581 3318 633 3372 bu-
681 3323 801 3396 peditasse
814 3322 893 3374 videri
905 3321 988 3391 possit.

128 3420 212 3453 manat
231 3411 326 3452 natnrae
343 3395 477 3449 conveniat
500 3395 584 3447 lorum
605 3418 633 3448 ex
714 3399 1184 3466 5.Angusmrevide0rve'mejus.flee

127 3478 186 3529 loeo
193 3489 301 3538 mutare,
310 3471 558 3526 intermalaminirne
568 3472 632 3526 illud
681 3477 755 3530 lectio
767 3495 866 3528 sensum
874 3476 969 3527 bonnm
977 3477 1082 3548 promit,
1093 3490 1117 3528 et
1125 3498 1184 3530 con-

127 3553 315 3604 numerandum
322 3564 365 3603 est.
681 3554 809 3607 suetudiui
818 3555 919 3608 Senecae
927 3576 970 3627 per
978 3555 1054 3608 incisa
1066 3556 1184 3626 eloquen-

159 3631 184 3682 3.
194 3632 337 3698 Adrogant.
349 3629 381 3679 II.
394 3649 415 3679 e.
429 3627 523 3679 delent.
535 3628 631 3680 Eodem
682 3632 708 3685 di
717 3651 787 3684 seusa
797 3652 841 3684 sua
849 3631 974 3706 congruit.
982 3632 1079 3708 Lipsius
1088 3645 1182 3694 tamen,

126 3707 205 3760 modo
215 3709 341 3774 adrogare
352 3725 366 3758 a
379 3708 493 3774 rogando
508 3704 634 3758 derivatur
682 3709 774 3762 codicis
790 3708 828 3760 sui
840 3728 925 3760 amore
946 3709 1053 3774 duetus,
1076 3708 1184 3783 praetulit

126 3806 178 3855 qno
188 3788 319 3851 ‘fermari
328 3803 341 3834 ³
350 3783 493 3850 precando:
505 3800 586 3851 neque
598 3801 633 3834 tr·
681 3809 757 3859 qnam
768 3787 803 3840 ibi
813 3787 910 3839 Invenit
924 3787 1059 3840 lectionem
1068 3788 1185 3854 :Angues-

125 3885 161 3936 go
173 3863 243 3916 aliud
263 3861 388 3914 debuisset
398 3857 541 3932 siguificare
556 3879 632 3931 qnam
681 3877 737 3918 tare
744 3868 1040 3930 mordeamuror'mejus.
1046 3864 1184 3934 Antiquam

126 3943 260 4012 deprecari
264 3961 271 4002 ;
285 3939 328 3992 aed
340 3951 399 3992 nota
412 3941 556 4009 frequenter
564 3938 632 4013 apud
680 3942 813 3996 lectionem
821 3956 900 3997 tueor.

130 4016 315 4070 Romanosdici
326 4016 631 4088 mgoreproserrelegem,
713 4019 737 4071 t.
753 4021 946 4091 Carerepotn'a.
964 4022 994 4072 In
1013 4031 1064 4072 tota
1076 4019 1184 4090 antiqui.

128 4117 189 4168 ergo
209 4109 234 4148 et
248 4097 376 4163 αὐτοματι
396 4113 441 4166 pro
454 4097 543 4147 delere.
556 4095 633 4161 Quod
681 4111 729 4150 tate
738 4119 782 4170 pro
793 4097 859 4150 malo
870 4097 1024 4163 habebatnr3
1038 4117 1084 4150 nec
1097 4096 1185 4149 imme·

127 4179 148 4230 si
161 4179 217 4250 quis
230 4177 419 4248 interrogaverit
432 4175 498 4228 unde
511 4175 564 4228 lraec
576 4175 633 4226 dua·
683 4176 740 4238 rito,
746 4176 952 4246 qnandoquidem
961 4175 1028 4228 ersul
1039 4167 1125 4245 utique
1135 4187 1184 4226 tan·
