2884 4958
291 464 355 555 372
621 463 689 529 un
712 461 1015 530 nnunslcns

289 593 389 662 labile
408 593 523 662 odium
541 608 602 661 est.
625 592 833 661 Beneficium
850 590 991 675 demus,
1007 590 1098 686 quod
1116 617 1179 660 usn
1192 595 1302 686 mugit
1315 617 1357 661 nc

287 713 393 803 magis
410 710 561 803 placent,
584 708 676 801 quod
692 733 865 801 nunquam
880 711 916 777 in
933 711 1056 779 malum
1075 726 1185 780 vertat
1199 721 1223 776 ¹.
1245 713 1358 780 Pecu·

283 828 375 895 nism
389 849 458 895 non
472 824 579 907 dabo,
595 849 696 918 quam
714 840 969 894 numeraturum
985 825 1146 894 adulterae
1166 827 1270 894 sciam
1285 875 1295 906 ,
1311 851 1357 894 ne

284 943 321 1009 in
335 942 492 1016 socictate
506 943 614 1036 turpis
636 942 715 1009 fucti
733 964 773 1008 ac
793 939 950 1008 consilii²
972 941 1139 1008 inveniar.
1153 941 1196 1008 *Si
1209 957 1353 1033 potero,

245 1067 260 1117 5
285 1053 480 1122 revocabo:
503 1055 557 1121 sin
583 1055 715 1148 minus,
741 1076 810 1120 non
835 1050 1002 1144 adjuvabo
1018 1053 1139 1122 scelus.
1158 1053 1236 1124 Sive
1257 1053 1355 1122 illum

250 1183 255 1191 '
283 1167 347 1247 irs,
366 1190 433 1258 quo
454 1191 523 1235 non
548 1167 714 1246 debebat,
736 1164 905 1258 impellit,
938 1167 1008 1234 sive
1038 1166 1232 1234 ambitionis
1262 1167 1356 1234 calor

282 1277 421 1347 abducit
446 1305 467 1348 s
488 1281 570 1348 tutis
591 1330 600 1362 ,
622 1304 691 1348 non
708 1303 729 1347 s
745 1279 939 1371 semetipso
961 1279 1030 1347 vim
1051 1278 1117 1346 sibi
1140 1279 1262 1346 inferri
1291 1304 1353 1371 pa-

281 1393 375 1478 tiur3
404 1417 473 1462 non
500 1386 748 1478 committsm³,
777 1408 816 1460 ut
840 1395 945 1487 possit
971 1391 1175 1485 quandoque
1205 1393 1351 1462 dicere:

280 1507 339 1576 ille
352 1509 496 1577 amando
514 1533 567 1578 mc
584 1507 719 1577 occidit.
739 1509 833 1601 Saepe
853 1509 941 1578 nihil
957 1508 1097 1576 interest
1117 1509 1209 1576 inter
1229 1510 1355 1576 amino-

280 1645 355 1690 rum
379 1645 537 1708 munera,
563 1637 598 1690 et
614 1621 760 1691 hostium
779 1639 856 1691 vota
869 1615 897 1688 ⁴.
927 1620 1109 1715 Quidquid
1125 1621 1176 1689 illi
1194 1622 1354 1690 accidere

279 1751 420 1830 optant,
437 1738 473 1804 in
494 1736 530 1804 id
552 1736 674 1806 horum
687 1738 922 1831 intempestiva
941 1736 1153 1831 indulgentia
1181 1737 1350 1832 impellit,

279 1866 381 1943 utque
397 1851 545 1920 instruit.
566 1852 661 1945 Quid
679 1870 791 1921 nutem
805 1854 958 1946 turpius,
987 1875 1107 1944 quam,
1127 1851 1220 1945 quud
1238 1854 1354 1922 evenit

279 1968 574 2061 frequentissime,
595 1984 633 2038 ut
649 1968 735 2037 nihil
755 1971 889 2039 intersit
906 1971 997 2038 inter
1016 1968 1153 2052 odium,
1175 1983 1209 2036 et
1223 1967 1355 2036 benefi-

279 2086 400 2152 cium?

329 2201 594 2290 XV.Nunquam
605 2201 641 2266 in
650 2199 895 2293 turpitudinem
906 2216 1051 2269 nostrum
1061 2187 1211 2269 reditura
1221 2201 1353 2268 tribun-

196 2322 198 2330 '
281 2337 366 2382 mus.
384 2312 501 2405 Quum
516 2337 646 2381 summa
662 2309 842 2382 amicitioe⁵
858 2318 921 2398 sit,
944 2318 1089 2384 amicum
1105 2317 1170 2385 sibi
1185 2341 1323 2409 sequane
1339 2371 1349 2400 ‚

280 2431 417 2522 utrique
432 2429 530 2499 simul
543 2429 786 2499 consulendum
800 2447 862 2499 est.
878 2432 974 2500 Dabo
987 2433 1101 2526 egenti
1117 2459 1126 2518 3
1153 2433 1213 2500 sed
1227 2450 1266 2501 ut
1278 2435 1354 2527 ipse

281 2570 353 2615 non
363 2570 497 2640 egeam:
510 2571 703 2615 succurram
715 2547 867 2640 perituro
879 2576 889 2634 3
905 2546 965 2615 sed
975 2563 1013 2615 nt
1023 2549 1095 2641 ipse
1107 2572 1175 2616 non
1189 2573 1350 2642 peream3

280 2665 390 2732 nisisi
408 2664 541 2733 futurus
554 2687 613 2733 ero
630 2665 744 2758 magni
765 2665 934 2747 hominis,
958 2681 1016 2734 aut
1032 2690 1162 2760 mugnae
1184 2669 1235 2734 rei
1258 2693 1355 2736 mer-

317 2903 338 2936 ι.
349 2883 385 2934 In
395 2885 497 2934 mlum
505 2889 590 2934 vertat
600 2881 674 2934 codd.
685 2883 788 2936 Pius-et
835 2883 901 2936 nihil
912 2883 944 2936 ab
953 2884 1088 2938 inimicitis
1100 2885 1202 2950 diflert,
1215 2885 1352 2958 Euripides

281 2959 354 3014 Grnt.
366 2961 433 3012 dant.
445 2964 527 3013 Antea
538 2979 577 3032 sp.
588 2960 685 3012 Erusm.
697 2963 724 3012 in
732 2981 788 3014 mn·
837 2959 965 3034 Hippolyt.
979 2961 1149 3030 mtumo'pmg
1162 2962 1252 3036 fragm.
1261 2964 1351 3028 XVH,

280 3041 334 3091 luris
340 3047 464 3090 vertutum
836 3038 882 3090 Tu.
893 3039 919 3090 ll
929 3040 995 3112 Opp.
1005 3061 1030 3110 p.
1041 3043 1089 3109 448
1101 3041 1141 3093 ed.
1154 3041 1231 3093 Beck.
1243 3043 1351 3094 Nemini

315 3119 650 3192 2.Aceonstttiestvulgsu
662 3119 788 3172 sbomni-
837 3134 890 3167 non
909 3117 1018 3169 occurrit
1038 3117 1138 3191 elegans
1156 3118 1201 3171 ills
1218 3119 1351 3174 Nostrstis

212 3212 218 3228 ¹
279 3196 406 3250 bnscodd.
418 3198 491 3250 Grut.
502 3194 658 3250 confirmate.
670 3196 787 3250 Erasmus
835 3192 1098 3263 losantainelsbells‚
1111 3195 1208 3249 L'nurs
1218 3200 1351 3251 etl'amo·

280 3287 305 3326 et
314 3273 427 3326 Muretus
438 3286 501 3328 :aue
510 3295 578 3328 mm.
836 3274 946 3326 teurdes
952 3277 1067 3340 sardius.
1081 3294 1138 3346 qne
1154 3275 1190 3328 sic
1202 3275 1317 3328 desinit:

312 3351 335 3404 3.
346 3355 373 3404 A
383 3356 527 3406 nstissmn
539 3373 557 3406 a
576 3357 789 3422 semetipsovim

278 3430 331 3482 sthi
341 3429 432 3494 inferri
438 3431 528 3498 putent
539 3447 548 3494 ,¹
559 3450 612 3482 non
620 3435 789 3484 committam.

278 3505 321 3562 sic
336 3507 406 3560 Pine.
418 3507 523 3560 Varisnt
530 3507 596 3562 libri.
610 3509 747 3561 Erasmus:
768 3529 787 3561 n
859 3547 862 3558 .

277 3583 495 3648 intendamus,
509 3589 620 3638 nuntius.
632 3585 718 3638 Medis
729 3586 787 3638 ills:
869 3575 925 3628 XV·
937 3578 1006 3628 Anu.
1022 3576 1101 3630 ΝΟΜ*
1122 3597 1223 3650 quoque
1240 3591 1311 3654 turpe
1324 3595 1349 3633 et

276 3681 327 3713 mn
345 3681 364 3712 a
382 3671 521 3714 gundum„
530 3667 622 3730 palp'm·
636 3663 727 3715 {bsunt
747 3683 785 3736 'P’
834 3652 1035 3724 ignominiosum
1050 3656 1122 3718 sole,
1136 3655 1159 3708 ll
1170 3655 1252 3710 {tulto
1263 3660 1349 3732 mvl·

274 3737 371 3791 Erssm.
382 3734 434 3790 Sed
447 3737 784 3794 nnlinlcnssntnleeracum
833 3744 876 3784 ²¹¹²
894 3734 992 3787 suncti·
1013 3733 1202 3789 indulterlmttt·
1223 3737 1348 3792 Pmleres

274 3817 359 3890 Lipsio
377 3816 513 3890 suspicari,
525 3830 568 3870 sut
582 3816 699 3870 divinum
710 3817 784 3870 illum
832 3813 880 3867 sihi
892 3827 916 3868 et
925 3818 1018 3889 petenti
1028 3820 1284 3882 unscnnsulendnm
1299 3843 1348 3876 nee

273 3891 421 3963 Apollinem
437 3893 465 3946 in
483 3893 580 3947 somnis
602 3913 658 3945 cum
676 3895 784 3946 Grutero
832 3891 999 3948 beneficentia
1010 3895 1090 3950 nimis
1102 3897 1209 3951 dedecus
1219 3911 1263 3950 sut
1273 3898 1348 3951 darn·

272 3971 410 4042 prnstolsri
422 3991 428 4025 :
442 3971 507 4022 nihil
519 3969 587 4022 enim
597 3971 672 4024 deest
834 3990 894 4022 num
917 3973 966 4026 sihi
985 3976 1150 4029 afferendum.
1167 3975 1347 4030 Estimnndss

306 4045 409 4118 4.Soepe
418 4049 783 4103 m'ltilinter...amie.munern
833 4065 948 4124 praeteres
965 4074 1099 4126 personas,
1113 4067 1138 4108 et
1149 4075 1202 4108 nnn
1217 4069 1270 4108 tem
1282 4077 1347 4110 exn-

271 4125 417 4178 celestium
433 4139 503 4180 voto.
522 4115 624 4198 dmsprg
634 4129 704 4182 risss'
715 4130 784 4181 ottts
833 4128 983 4184 minandum
996 4132 1052 4203 quis
1066 4133 1197 4204 denqnstn
1209 4135 1251 4187 cni
1263 4135 1344 4190 detur.

269 4205 354 4273 ἔχθρας
362 4207 475 4276 διαφόρω,
485 4207 601 4260 Amicitia
611 4207 782 4281 intempestive
864 4207 1000 4262 5.Snmmn
1011 4215 1133 4268 amicitia
1143 4233 1156 4266 e
1165 4226 1275 4284 quatuor
1285 4217 1342 4268 end.

854 3397 982 3436 llienn'estri
1004 3411 1028 3437 sn
1041 3411 1098 3437 erens
1118 3399 1200 3438 n'nnirn
1254 3414 1304 3440 ens
