2966 4948
478 508 653 592 curor
678 523 856 593 xxvii.
1135 525 1199 590 213

125 650 221 719 velut
236 652 412 720 occasione
427 635 524 736 data,
540 653 761 722 insidiabitur
774 651 949 721 solitudini
964 669 1029 720 tuae
1041 649 1150 733 dolor,
1168 667 1203 720 et

127 768 358 859 requiescenti
372 755 485 836 animo
501 785 559 837 tuo
573 767 735 864 paulatim
749 771 891 863 irrepet.
909 772 1028 862 Itaque
1042 794 1112 837 non
1126 784 1198 850 ost,
1228 793 1244 846 5

128 879 221 971 quod
237 879 345 948 ullum
358 895 491 974 tempus
503 904 624 950 vacare
638 883 809 978 patiariaa
823 883 963 968 studii53
982 900 1064 951 tunc
1082 879 1145 950 tibi
1160 881 1202 948 li-

128 1009 211 1062 terae
227 1009 315 1076 tum,
333 993 476 1064 tamdiu
494 1019 535 1064 ac
554 1013 621 1064 tam
636 997 785 1066 fideliter
797 1013 935 1078 amatae,
954 998 1097 1090 gratiam
1111 995 1203 1064 rele-

129 1123 208 1177 rant
223 1113 232 1144 ¹
246 1113 262 1175 ¹:
279 1125 361 1178 tuno
376 1125 409 1178 te
424 1109 491 1179 illae
505 1101 715 1181 antistitem²
736 1129 771 1182 et
789 1113 955 1181 cultorem
972 1137 1070 1180 unum
1088 1113 1204 1181 vindi·-

127 1240 211 1294 cent
225 1253 233 1290 ι
249 1241 331 1294 tuno
343 1229 517 1297 ¹Homerus
534 1245 569 1297 et
587 1221 788 1324 Virgiliue³,
811 1247 878 1298 tam
890 1229 979 1298 bene
998 1207 1203 1298 de'humano

129 1343 258 1436 genere
273 1345 406 1428 meriti,
424 1369 526 1436 quam
539 1343 576 1415 tu
590 1346 633 1415 de
650 1348 807 1417 omnibus
823 1362 857 1416 et
875 1345 917 1415 de
937 1347 1004 1414 illia
1021 1348 1200 1427 meruisti,

128 1457 220 1553 quoa
233 1459 392 1554 pluribus
406 1478 503 1531 notos
517 1487 590 1532 eoae
603 1464 741 1533 voluisti
755 1488 857 1556 quam
870 1466 1096 1558 scripserant,
1114 1466 1203 1533 mul-

130 1600 202 1653 tum
222 1599 334 1654 tecum
352 1602 540 1673 morentur3
556 1579 721 1656 tntum'id
734 1587 914 1657 erit'omne
932 1605 1084 1682 tempus,
1108 1589 1205 1683 quod

128 1701 200 1769 illio
210 1700 375 1769 tuendum
388 1703 608 1771 commiserit.
624 1704 725 1772 Tunc
740 1705 883 1772 Caeuarie
898 1706 947 1772 tui
964 1729 1081 1798 opera,
1092 1722 1130 1772 nt
1144 1687 1206 1798 per

129 1817 244 1884 omnia
257 1816 379 1886 'secula
404 1816 588 1886 domestico
613 1834 797 1888 narrentur
819 1821 1011 1913 praeconio,
1041 1836 1204 1912 quantum

128 1943 229 2022 potes
241 1919 429 2025 compone:
446 1955 525 1999 narn
538 1933 611 2025 ipae
627 1930 689 2000 tibi
709 1933 835 2027 optime
861 1903 1027 2002 loriiiandi
1050 1933 1206 2008 conden-

130 2041 238 2136 dique
251 2069 307 2112 ree
321 2059 453 2139 gestau,
469 2060 505 2112 et
517 2045 693 2113 materiam
707 2040 721 2089 ⁴
737 2045 853 2128 dabit,
871 2055 907 2114 et
918 2046 1108 2140 exemplum
1124 2040 1150 2113 ⁵.

181 2157 331 2230 XXVII.
348 2165 425 2230 Non
439 2162 548 2231 audeo
563 2178 595 2230 te
609 2186 718 2254 usque
734 2189 775 2231 eo
788 2163 998 2257 producere,
1014 2181 1053 2232 ut
1067 2164 1207 2232 labellos

131 2301 269 2370 quoque
284 2293 318 2345 et
330 2280 491 2372 AEoopeos
504 2279 600 2372 logon
612 2273 640 2364 ⁶,
658 2281 861 2347 intentatum
880 2281 1042 2346 Romanis
1060 2257 1206 2372 ingeniis

131 2418 231 2488 opus,
248 2393 345 2462 solita
359 2395 421 2463 tibi
433 2393 610 2465 venustate
621 2410 814 2479 connectam
831 2392 972 2462 difficile
986 2396 1203 2486 estquidam,

130 2526 170 2578 ut
182 2511 256 2577 haec
265 2509 428 2579 hilariora
439 2511 552 2579 studia
562 2527 628 2578 tarn
639 2507 860 2580 vehementer
870 2511 1047 2603 perculsus
1057 2513 1203 2594 animus,

132 2645 200 2695 tam
215 2627 283 2694 cito
297 2628 402 2720 possit
414 2627 578 2697 accedere
594 2655 601 2694 :
618 2629 684 2722 hoo
700 2643 812 2696 tamen
825 2628 1065 2722 argumentum
1081 2629 1206 2697 habeto
1242 2701 1247 2710 ‚

127 2745 199 2837 jam
215 2743 426 2812 corroborati
440 2745 526 2838 ejus,
544 2760 579 2813 et
595 2742 722 2843 redditi
736 2744 824 2828 nihi,
841 2746 869 2812 ai
887 2747 1013 2837 poterit
1027 2769 1062 2814 ae
1075 2769 1206 2835 nseve-

169 2967 290 3019 qu'teroe
299 2976 386 3019 tum...
395 2969 513 3035 gratiam
525 2964 645 3036 reserant.
694 2963 832 3016 Germania
845 2975 946 3035 pacata,
958 2963 1093 3017 Britannia
1115 2979 1207 3037 aperta.

133 3044 180 3097 Ea
189 3044 222 3095 de
230 3043 422 3117 quilsnsoptime
431 3041 535 3094 meritur
544 3061 580 3104 es,
587 3041 646 3093 lite·
727 3043 750 3092 5.
757 3041 930 3109 Exemplum.
939 3043 994 3116 lpse
1007 3041 1129 3095 Claudius
1140 3055 1209 3096 utra·

133 3141 170 3176 rm
184 3120 216 3172 de
229 3134 254 3173 te
269 3120 335 3173 bene
345 3138 414 3172 nune
429 3119 603 3184 merebuntur3
617 3119 645 3172 in
693 3137 742 3189 que
755 3119 843 3191 lingua
858 3120 974 3172 historias
987 3120 1125 3194 scripserat.
1142 3122 1207 3174 Sue·

134 3217 176 3252 eas
196 3199 387 3269 quodammodo
409 3194 533 3250 beneficia
550 3207 645 3248 contu·
694 3210 747 3249 ton.
761 3195 851 3249 Claud.
862 3198 891 3262 4¹
903 3235 910 3262 ‚
923 3198 963 3262 43.

135 3277 203 3342 listi,
218 3275 280 3327 dura
292 3275 324 3327 iis
334 3275 461 3338 studeres,
474 3273 506 3327 iis
516 3272 646 3326 incumbe-
676 3305 679 3314 ι
727 3275 837 3330 XXVll.
850 3277 921 3328 Atto.
933 3275 1036 3329 Deinde
1049 3295 1130 3330 eausae
1140 3278 1208 3331 dolo·

135 3374 191 3416 reo,
206 3372 245 3405 eae
261 3372 330 3405 nune
351 3352 399 3405 tibi
419 3352 487 3405 idem
504 3351 650 3426 praestiturae
698 3353 733 3404 ris
744 3353 904 3421 inquirende
916 3368 982 3408 snut.

135 3429 327 3484 officiumsunt.
732 3429 1210 3500 5.AEsopeos1‹›gos‚tnuuaumtto-

170 3530 194 3562 s.
206 3506 463 3562 Antistiumstmili
472 3507 550 3560 modo
561 3509 649 3561 llorst.
698 3512 794 3560 marris.
807 3507 1063 3583 Delabulisaesopicis
1075 3510 1117 3563 hic
1128 3531 1209 3562 sermo

125 3585 255 3660 ntulit,
268 3585 319 3638 0d.
331 3584 650 3653 1,vs.3:«Csrminanon
700 3598 744 3638 est.
754 3585 790 3637 At
799 3583 1001 3640 Phaedril'shulae
1010 3599 1096 3639 tamen
1104 3600 1208 3655 exstant,

137 3663 207 3737 prius
229 3662 341 3730 Audita,
366 3663 508 3715 Musarum
531 3665 650 3716 sacerdos
699 3661 1209 3733 quasa'l'iberiilibertoeonditasierunt.

137 3741 291 3815 Virginibus
300 3743 433 3817 puerisque
441 3741 650 3814 eanto;»etVirg.
699 3741 793 3792 Nostro
814 3752 880 3793 certe
893 3742 1009 3794 nondum
1019 3742 1209 3808 innotuerunt,

139 3821 236 3894 Georg.
247 3820 292 3872 lib.
305 3821 393 3885 ll,ve.
406 3820 454 3890 ⁴7⁵
475 3836 481 3870 ι
503 3839 516 3864 α
528 3819 572 3870 Me
590 3837 651 3870 vero
701 3837 764 3882 nee,
785 3817 855 3889 quod
877 3819 990 3882 mirum,
1010 3817 1057 3875 ulli
1079 3831 1209 3871 auctorum

138 3899 249 3972 primum
268 3897 352 3950 dulcet
375 3909 434 3950 ante
458 3896 545 3950 omnia
571 3897 652 3948 Musa
700 3907 823 3947 veterum.
839 3896 877 3948 Ex
893 3895 933 3948 his
952 3895 1058 3966 aliisque
1070 3896 1209 3949 rationibus

143 3975 269 4047 Quarum
279 3977 421 4044 sacraseru
430 4014 438 4042 ,
448 3987 494 4028 etc.
502 3997 516 4022 a
703 3984 728 4024 et
739 3991 834 4024 nomen
847 3972 948 4026 Plraedri
961 3986 986 4025 et
998 3974 1051 4044 ejus
1067 3973 1209 4026 fabularum

173 4054 198 4104 3.
222 4056 295 4108 Tuae
315 4053 450 4106 Homenss
468 4064 494 4106 et
513 4055 651 4123 Virgilius.
702 4069 764 4122 opus
777 4049 842 4102 inter
852 4050 978 4124 supposita
991 4052 1147 4103 numeranda
1159 4071 1211 4103 esse

139 4133 283 4186 llumerum
301 4133 394 4201 latine,
414 4131 553 4204 Virgilium
572 4149 652 4205 grece
702 4127 913 4200 putaveruntviri
926 4127 1030 4199 qnidam
1040 4126 1122 4195 docti,
1134 4127 1212 4199 inpri-

140 4220 258 4262 verterat.
704 4207 752 4260 mis
768 4207 893 4260 Christius
908 4207 975 4280 lips.
995 4205 1065 4278 eujus
1083 4206 1136 4260 rixa
1153 4227 1210 4258 cunr

174 4288 199 4353 4.
219 4288 372 4341 Materiam.
392 4290 413 4340 l.
429 4307 467 4342 res
484 4301 575 4361 gesta,
595 4306 616 4340 e.
634 4306 656 4338 c.
705 4283 1046 4354 l¹uneeio,t’rot.quoudam
1056 4284 1211 4350 motelena,
