2966 4948
295 471 360 538 228
452 464 520 536 AD
543 461 822 536 rouretum
845 458 1206 532 CONSOLATIO.

293 592 431 686 plevere
454 589 645 660 Cererem
674 587 799 656 atrium
815 585 855 654 ¹?
878 581 972 654 nulla
998 607 1065 653 non
1094 584 1216 652 harum
1244 580 1365 675 alique

294 731 432 778 enorum
458 701 670 778 incommodo
693 703 838 797 ineignia
861 716 934 772 eet:
965 723 1065 772 nemo
1083 723 1153 770 non
1171 723 1213 770 ex
1232 700 1307 768 irtio
1326 701 1365 770 iu

294 838 530 897 ornamentum
540 821 731 892 aemulorum
746 817 996 912 refulgentibus
1008 818 1105 902 virie,
1119 832 1180 888 aut
1192 814 1366 887 desiderio

295 965 434 1014 auorum
446 954 555 1010 tortus
568 953 640 1021 eet,
656 951 715 1006 aut
730 935 830 1006 aruis
845 959 922 1004 cum
937 935 1079 1004 maximo
1090 935 1196 1004 animi
1208 933 1365 1004 muciatu

255 1075 271 1140 4
296 1057 507 1128 desideratur
520 1071 583 1126 eet.
600 1052 697 1148 Quid
710 1052 772 1122 tibi
784 1051 931 1122 referam
945 1052 1137 1144 Scipionem
1148 1051 1362 1130 biduanum,

296 1178 351 1246 cui
378 1199 468 1244 mors
488 1173 604 1243 fratria
628 1172 664 1239 in
688 1169 805 1240 exailio
825 1169 980 1238 nuntiata
998 1183 1050 1238 eet
1062 1169 1105 1238 ²?
1123 1169 1157 1238 Ie
1175 1168 1281 1238 frater
1302 1169 1365 1260 qui

296 1294 424 1386 eripuit
436 1291 576 1360 fratrem
584 1310 742 1368 earcere,
757 1307 827 1354 nou
838 1285 950 1380 potuit
960 1285 1095 1379 eripere
1109 1283 1195 1354 fato:
1212 1300 1247 1354 et
1260 1308 1366 1378 quam

291 1407 382 1501 juria
411 1406 500 1498 aequi
527 1393 734 1496 impatiena³
758 1400 868 1494 piens
892 1397 1047 1467 Africani
1072 1397 1203 1482 fuerit,
1231 1400 1366 1468 eunctis

296 1521 478 1616 apparuit3
494 1515 613 1587 eodem
629 1515 721 1584 enim
735 1512 810 1596 die,
826 1535 894 1606 quo
905 1513 1043 1582 viatoria
1056 1513 1212 1582 munibus
1224 1512 1367 1586 fratrem

295 1636 501 1718 abstulerat,
524 1633 662 1704 tribuno
678 1652 817 1723 quoque
829 1629 941 1723 plebis
957 1631 1110 1723 privatur
1125 1623 1342 1700 ‘intercessit
1357 1659 1368 1718 3

296 1771 364 1824 tarn
384 1773 507 1846 magno
522 1764 636 1818 tamen
653 1746 793 1818 fratrem
813 1743 1022 1816 desiderarit
1037 1747 1096 1817 bie
1108 1749 1245 1830 animo,
1264 1772 1370 1842 quum

296 1865 509 1940 defenderat.
530 1860 627 1959 Quid
650 1863 794 1932 referam
814 1859 1031 1932 AEmiIianum
1048 1858 1288 1957 Scipionem⁵‚
1308 1865 1371 1958 qni

297 2007 366 2056 uno
378 2003 475 2076 paene
485 1976 675 2072 eodemque
686 1993 839 2070 tempore
849 1977 1013 2070 eportavit
1024 1977 1131 2069 patrie
1144 1979 1369 2072 triumphum,

298 2101 511 2190 duommqne
544 2095 687 2165 fratrum
718 2093 852 2163 lunera.
885 2088 1166 2166 Adulescentulus
1190 2111 1368 2166 tamenne

298 2213 541 2312 propemodum
556 2235 644 2306 puer
656 2203 669 2248 ⁶
683 2226 777 2280 tauto
789 2211 903 2280 auimo
919 2209 999 2280 tulit
1016 2209 1109 2280 illam
1123 2210 1258 2282 familia
1273 2235 1365 2294 auae.

298 2356 401 2430 nuper
413 2333 524 2425 iprum
532 2327 630 2400 Pauli
648 2326 858 2421 triumphum
877 2323 1114 2415 noncidentie3
1135 2327 1282 2398 subitam
1294 2353 1372 2398 rae-

246 2626 249 2638 ,
339 2569 621 2628 r-dtrium.Vettibuli
636 2587 717 2642 genae
732 2567 812 2638 quod·
856 2568 901 2624 ille
918 2569 963 2640 qui
985 2568 1083 2642 legibue
1105 2571 1218 2626 resistere
1242 2571 1368 2640 auderet,

303 2652 361 2706 dam
378 2662 448 2716 erat,
468 2651 496 2704 in
511 2648 621 2704 divitum
633 2647 747 2708 adibun
762 2644 811 2697 eli-
856 2648 1125 2703 eertesatiareluetatua
1135 2661 1198 2703 earet
1207 2650 1229 2703 ai
1238 2651 1370 2723 potuiaset

303 2731 406 2803 quaudo
416 2748 469 2783 uon
480 2727 552 2782 omni
561 2745 590 2779 ex
600 2735 669 2800 parta
679 2725 801 2776 clausum.
889 2726 913 2790 4.
931 2728 1100 2795 tuomum,
1114 2727 1140 2782 b.
1158 2749 1180 2781 e.
1194 2730 1370 2783 adversarium

337 2831 359 2861 a.
372 2806 448 2878 Quid
456 2807 506 2860 tibi
514 2805 625 2878 rffemm
626 2838 677 2856 ......
688 2805 811 2856 martura
854 2821 908 2857 aeae
919 2807 1041 2876 prolerre,
1053 2819 1076 2859 et
1084 2805 1225 2878 bit,qnara
1238 2807 1370 2881 magistra·

289 2889 360 2940 ¹eal?
373 2889 441 2939 Nam
451 2882 567 2936 biutemi
578 2901 629 2953 quo
643 2880 712 2934 enaul
721 2891 809 2952 sponte
858 2893 887 2934 tu
896 2895 940 2935 aut
952 2879 1071 2952 jubentur
1078 2895 1121 2936 aut
1132 2898 1272 2958 rogantur,
1283 2885 1370 2939 obbru-

303 2973 459 3018 concesserat
473 2961 617 3014 nuutiatum
634 2971 671 3013 eat
684 2959 809 3012 Africano
859 2959 915 3014 tari.
925 2961 1006 3014 Porro
1016 2960 1100 3014 nullm
1110 2961 1320 3036 tribunnjubeuti
1331 2964 1370 3017 in·

304 3040 441 3096 minirum
458 3041 560 3092 fratrem
578 3039 678 3093 obiitne.
704 3038 745 3091 De
761 3036 809 3091 boe
859 3038 1019 3102 tereedebat,
1036 3040 1087 3094 niti
1106 3041 1216 3108 enuaul,
1237 3055 1282 3095 ant
1304 3042 1369 3096 aliur

301 3117 515 3173 ridLiviumI'rb.
528 3117 682 3183 XXXVIII,
696 3135 765 3190 capp.
778 3118 810 3168 50
860 3115 1034 3185 tribunorum,
1052 3119 1123 3192 eujus
1140 3120 1193 3175 bue
1206 3141 1272 3188 vox,
1294 3133 1368 3188 aeto,

302 3217 356 3269 sqq.
366 3195 535 3250 arautem.
546 3194 590 3248 tib.
600 3195 668 3259 VII,
679 3213 732 3268 eap.
747 3209 783 3263 ις.
859 3209 949 3249 euurta
964 3196 1097 3268 derepente
1112 3212 1154 3252 aut
1169 3199 1315 3253 morabatur
1327 3212 1370 3254 aut

336 3274 451 3328 &luris
469 3277 539 3344 aqui
556 3275 703 3344 impatiens.
724 3271 810 3340 Quam
860 3271 996 3346 abrogabat
1008 3274 1200 3350 inperpetuum.

302 3374 385 3430 egre,
409 3375 453 3408 eeu
476 3366 594 3418 nature,
619 3372 664 3406 reu
687 3351 749 3425 legia
771 3351 809 3423 jn
890 3352 1368 3428 5.QuidresemmAEru'ir'eu.Sciprb·

301 3449 403 3502 cquuru
415 3444 546 3506 pateretur.
566 3433 684 3501 Namque
695 3431 735 3482 vir
747 3428 811 3501 qui-
861 3449 928 3483 nem.
940 3430 993 3498 Qui
1004 3451 1083 3503 quum
1093 3431 1246 3506 ascipioue‚
1261 3435 1367 3508 ejusqui

303 3509 485 3582 demegregiut
500 3507 587 3583 Scipio
603 3509 668 3572 suit;
678 3507 723 3560 aad
733 3527 810 3582 egre-
859 3502 1012 3562 Annibalem
1032 3509 1098 3581 apud
1118 3511 1223 3564 Zamam
1240 3513 1368 3567 devicerat

302 3589 358 3660 gina
367 3587 444 3652 civit,
459 3587 574 3640 ruiuime.
587 3586 753 3640 Consulatum
765 3605 810 3658 op·
858 3587 926 3652 titio,
946 3587 1079 3662 adoptatur
1091 3602 1169 3654 earet,
1180 3591 1245 3644 sicut
1259 3604 1367 3665 uterque

300 3665 361 3720 time
373 3667 463 3738 gestit,
479 3679 504 3717 at
518 3677 603 3718 eontra
624 3664 692 3736 leget
706 3663 810 3736 adeptus
860 3666 893 3719 P.
902 3665 1037 3721 Cornelius
1048 3665 1136 3735 Scipio
1155 3669 1301 3740 Asn'cunua
1316 3691 1370 3724 ao-

301 3758 353 3810 eat;
364 3757 388 3798 et
396 3763 477 3816 quum
487 3762 545 3796 rena
553 3755 684 3816 peteretur,
693 3742 811 3796 tribuno-
860 3745 968 3798 minatur
980 3756 1032 3808 ert,
1050 3757 1073 3798 et
1087 3745 1159 3798 Pauli
1175 3745 1278 3800 AEmitii
1291 3749 1367 3822 patrie

301 3843 358 3876 ruru
372 3842 425 3876 nun
442 3822 519 3876 modo
539 3821 629 3875 editam
643 3819 769 3892 despexit,
784 3834 811 3873 at
858 3822 961 3876 retinuit
970 3841 1074 3890 uerneu,
1086 3823 1113 3876 iu
1125 3822 1298 3880 AEmr'ihm
1309 3847 1369 3880 mu·

301 3901 390 3953 eodem
413 3913 524 3973 tempore
549 3913 573 3953 et
594 3898 766 3952 auctoritatem
786 3913 811 3952 et
858 3901 1367 3975 tatum.anexemplajamallataanut‚

300 3978 364 4048 jura.
377 3979 430 4033 Nee
444 3991 528 4032 tamen
539 3999 647 4052 reguum
661 3980 807 4042 affectabam
860 3981 964 4034 Cnuaol.
978 3981 1009 4033 ad
1024 3981 1102 4034 Mare.
1113 4001 1165 4053 eap
1181 3982 1218 4034 1³.

300 4057 344 4109 aed
356 4057 460 4130 iugenio
475 4069 500 4110 et
515 4056 640 4110 mutibus
655 4057 808 4128 ultraquam
889 4057 1371 4128 6.Adolescentulur.·...pner.Pueritia

301 4151 345 4204 par
361 4146 397 4186 eet
415 4131 576 4206 superbient,
593 4135 635 4188 vix
651 4135 747 4190 serebat
760 4137 809 4190 tibi
858 4136 928 4190 enim
941 4136 1007 4211 apud
1024 4137 1151 4191 IIornauoa
1168 4138 1201 4191 ad
1219 4139 1367 4202 vicesimum

301 4209 396 4280 aliquid
404 4211 509 4266 obstare·
522 4211 615 4268 Seuaua
627 4233 681 4276 erae
693 4214 808 4268 videtur:
856 4235 1039 4285 utqueauuuru
1050 4215 1199 4288 pertinebat.
1311 4253 1312 4258 ,
