2954 4926
340 487 436 554 ura.
463 485 534 572 vr,
561 487 672 556 cur.
698 486 853 555 xxm.
1068 495 1130 562 611

65 621 210 690 trarium
231 618 392 708 nonlicet
407 645 415 685 ι
428 616 569 704 sednon
582 615 751 704 ohaliud,
767 643 868 714 quam
884 622 965 712 quia
984 625 1037 694 vis
1058 629 1136 694 'sua

67 739 144 808 illos
157 739 193 807 in
204 739 379 833 proposito
389 751 482 804 tenet
493 764 503 822 ς
515 759 579 804 nec
587 734 833 817 imbecillitate?
844 757 1063 832 permanent,
1077 743 1137 813 aed
1238 749 1240 756 '

67 858 238 949 quianon
256 855 340 924 libet
356 855 400 924 ab
417 855 553 946 optimis
571 853 753 936 aberrare,
775 870 809 922 et
827 857 876 924 sic
894 858 945 927 ire
964 857 1137 930 decretum

67 992 133 1042 est.
155 975 196 1042 In
213 975 323 1066 prima
340 987 454 1040 autem
477 969 536 1038 illa
559 962 833 1052 constitutione³,
855 997 959 1064 quum
979 975 1138 1045 universa
1164 1009 1181 1042 s
1264 1032 1271 1042 .
1337 989 1343 996 '

68 1090 311 1184 disponerent,
326 1089 427 1156 etiam
436 1100 551 1154 nostra
559 1068 737 1171 viderunt,
748 1088 983 1183 rationemque
992 1092 1139 1162 hominis

67 1207 278 1276 habuerunt.
300 1207 424 1296 Itaque,
438 1227 507 1271 non
530 1217 671 1295 possunt
688 1202 875 1274 videricus
890 1223 1022 1278 tantum
1039 1234 1140 1278 causa

67 1320 274 1405 decurrere,
284 1336 325 1404 ‚et
337 1319 505 1412 explicare
523 1343 608 1412 opus
624 1343 744 1402 suum,
763 1323 844 1413 quia
860 1347 939 1417 pars
956 1326 1068 1418 operis
1082 1351 1140 1392 su·

69 1437 534 1528 musetnoa.Dehemusergo
544 1435 670 1520 etSoli,
682 1450 716 1503 et
725 1439 881 1518 Lunae,et
890 1442 1021 1508 caeteris
1030 1441 1143 1510 caeles-

68 1554 163 1623 tibus
170 1553 394 1636 heneficium,
411 1552 492 1643 quia
503 1552 632 1618 etiamsi
646 1531 798 1645 potioria‘
814 1552 883 1631 illis
895 1571 997 1640 sunt,
1014 1558 1051 1624 in
1066 1581 1142 1648 quae

68 1673 243 1752 oriuntur,
260 1693 321 1738 nos
334 1668 494 1737 tamenin
508 1667 635 1758 majora
646 1667 727 1734 ituri
741 1667 875 1760 juvant.
893 1670 1034 1764 Adjice,
1051 1673 1142 1766 quod
1168 1687 1184 1738 3

67 1813 111 1858 ex
137 1781 328 1856 destinato⁵
349 1787 495 1878 juvant3
520 1781 664 1876 ideoque
683 1782 824 1878 obligati
840 1791 1056 1882 sumus,'qui
1074 1815 1143 1860 non

68 1904 107 1970 in
126 1900 330 1988 heneficium
350 1898 579 1992 ignorantium
597 1894 798 1980 incidimus,
825 1899 886 1968 sed
900 1901 974 1970 haec
990 1928 1067 1996 quar
1083 1929 1142 1972 ac-

68 2020 233 2113 cipimus,
262 2033 463 2110 accepturos
488 2015 639 2084 scierunt
660 2041 668 2081 :
688 2031 723 2084 et
741 2041 935 2110 quanquam
953 2022 1060 2115 majus
1075 2021 1144 2090 illis

68 2137 281 2231 propositum
294 2136 357 2217 sit,
373 2135 546 2226 majorque
559 2148 653 2200 actus
665 2135 718 2201 sui
731 2134 880 2221 inactus,
894 2162 995 2230 quam
1007 2163 1143 2208 servare

69 2254 254 2340 mortalia,
276 2269 389 2322 tamen
407 2254 443 2318 in
461 2265 591 2320 nostras
607 2274 743 2343 quoque
760 2253 922 2350 utilitates
940 2257 1143 2352 aprincipio

70 2391 187 2437 rerum
212 2366 384 2459 praemissa
409 2387 504 2432 mens
523 2377 594 2447 est,
620 2378 654 2431 et
672 2365 701 2431 is
717 2363 801 2433 ordo
818 2369 944 2436 mundo
964 2367 1079 2451 datus,
1105 2386 1144 2438 ut

68 2497 233 2576 appareat
250 2505 365 2550 curam
383 2481 488 2549 nostri
503 2503 573 2548 non
591 2481 681 2547 inte'r
699 2481 819 2548 ultima
842 2481 1004 2552 habitam.
1028 2485 1142 2554 Dehe-
1168 2503 1184 2569 4

68 2623 146 2668 mua
160 2598 359 2692 parentibus
378 2597 502 2665 nostris
517 2597 696 2688 pietatem,
712 2612 746 2664 et
763 2597 860 2666 multi
879 2622 948 2667 non
966 2615 1004 2670 ut
1022 2603 1144 2696 gigne·
1259 2647 1262 2657 -

66 2731 175 2800 rent,
204 2716 370 2784 coierunt.
400 2714 457 2783 Dii
483 2735 550 2779 non
577 2728 719 2804 possunt
742 2712 852 2781 videri
882 2718 1029 2784 nescisse
1057 2717 1142 2810 quid

66 2832 222 2900 effecturi
251 2844 381 2911 essent,
410 2851 514 2921 quum
542 2827 697 2894 omnihus
724 2827 882 2896 alimenta
906 2831 1079 2926 protinus,
1108 2849 1142 2900 et

103 3095 126 3128 ι.
142 3077 192 3128 Vis
206 3091 274 3136 ενα
288 3071 428 3126 constantia
443 3083 467 3122 et
476 3067 580 3122 lirmitas
629 3070 813 3142 antiquioribus
823 3073 873 3124 lere
882 3073 1009 3136 omnihus,
1020 3087 1045 3127 et
1053 3074 1139 3126 multis

66 3154 121 3208 illis
133 3151 241 3227 propria.
252 3149 290 3204 cf.
300 3151 358 3201 Nat.
368 3149 462 3218 Quaest.
473 3147 578 3222 l-princ.
628 3147 797 3202 recentiorum
822 3149 945 3203 Senecam
973 3169 1018 3226 pro
1046 3151 1138 3205 assecla

102 3252 126 3286 a.
137 3231 191 3284 Nec
197 3229 379 3283 imbecillitate.
391 3227 434 3280 sic
446 3227 504 3280 cod.
514 3227 578 3280 Νη.
629 3223 817 3278 Christianismi
828 3227 941 3281 habitum
956 3249 1015 3282 esse.
1027 3230 1078 3283 Sed
1091 3231 1139 3283 l'al-

67 3323 94 3363 et
102 3330 170 3364 nnus
177 3308 263 3382 palat:
272 3305 331 3370 alii,
344 3309 372 3358 in
383 3325 403 3358 s.
412 3325 449 3358 cn·
459 3305 579 3358 imbecill.
627 3323 680 3356 earn
687 3305 833 3359 fnissehanc
841 3309 989 3361 sententiam
1001 3310 1139 3382 cuiqnehi-

101 3387 126 3440 3.
141 3387 177 3439 ln
186 3391 277 3456 prs'mn
293 3393 381 3436 aulem
394 3385 442 3436 illo
457 3387 580 3437 constitu·
628 3381 713 3434 storia
725 3381 816 3456 philos.
828 3403 908 3456 gnaro
922 3387 1084 3440 manifestum
1095 3401 1139 3441 est·

65 3471 152 3532 tione,
161 3477 255 3518 aeterna
266 3500 273 3526 ,
285 3481 342 3532 qum
352 3461 416 3514 Jove
425 3473 526 3514 anctore
536 3461 580 3513 lic·
629 3457 715 3512 Facile
728 3473 812 3512 autem
824 3461 850 3514 in
863 3462 903 3516 his
919 3464 1043 3535 praeclaris
1057 3467 1138 3520 ell'atis

66 3545 120 3596 hat.
131 3541 228 3594 Dicunt
239 3539 308 3593 enim
319 3559 335 3591 a
347 3538 413 3591 Jove
424 3537 510 3591 omnia
529 3538 579 3591 ini·
628 3537 724 3590 iontem
735 3577 742 3601 ,
755 3539 824 3591 unde
837 3540 935 3594 Seneca
946 3541 1002 3596 lrtec
1011 3543 1137 3608 hauserit,

67 3623 135 3674 rium
146 3621 248 3695 cepisse.
266 3621 322 3684 zat,
335 3620 413 3689 ἀρχὴ,
428 3619 483 3679 lehc
494 3620 577 3687 μέσσα,
628 3635 764 3688 agnoscas,
778 3617 799 3669 si
813 3616 891 3670 modo
905 3637 961 3689 qnae
973 3619 1136 3694 Xenophon,

68 3702 126 3762 At'oc
143 3699 166 3752 δ’
184 3699 209 3751 lx
230 3701 306 3750 adres
323 3699 434 3750 rimarer.
453 3695 579 3749 Plutarch.
628 3707 653 3745 et
664 3691 753 3757 Plato,
769 3693 982 3766 Antisthenssque
997 3717 1010 3750 e
1027 3697 1138 3751 Socratis

66 3775 383 3851 vot.x1v,p.4hnuu
628 3790 671 3823 ore
689 3771 818 3825 haedere
837 3775 1015 3848 exposuerint,
1035 3777 1064 3828 ln
1079 3795 1139 3829 me-

101 3859 126 3922 4.
143 3856 253 3909 Pollam
266 3872 380 3924 munera.
391 3850 429 3905 Cl.
443 3851 474 3905 de
485 3851 526 3905 Ira
540 3853 578 3916 ll,
628 3849 738 3902 moriam
755 3851 919 3905 revocaveris.
931 3855 963 3904 At
975 3851 1051 3924 qharo
1065 3855 1140 3908 multi

7 3981 8 3986 ,
66 3929 580 4006 27.Estdogmas'toicum,mnndumesse
621 3929 773 3984 vStoicorum
788 3931 955 4003 inerint,qui
971 3933 1087 3998 delato,
1107 3936 1139 3988 de

66 4017 163 4066 sactum
174 4013 289 4066 Deorum
299 4007 484 4079 hominumque
497 4027 580 4060 causa.
629 4009 687 4060 Deo
699 4044 707 4072 ,
725 4019 771 4061 ete.
784 4045 792 4070 ,
809 4008 952 4082 scripserint
963 4048 970 4074 ,
990 4009 1139 4066 Plutarchus

7 4125 9 4144 t
102 4090 373 4159 5.Adjtce,quodex
386 4089 523 4152 destinato,
533 4097 579 4138 etc.
629 4082 739 4156 aliique,
753 4095 779 4139 el
790 4085 868 4139 instar
880 4088 996 4141 omnium
1008 4088 1140 4142 Fabricius

7 4201 9 4224 z
66 4171 132 4223 llaec
144 4181 169 4222 et
179 4167 312 4240 sequentia
322 4177 374 4217 tam
385 4162 579 4235 praeclarasunt,
628 4161 655 4214 in
671 4161 739 4218 Bihl.
748 4165 831 4218 Grec.
845 4165 920 4218 Tora.
931 4157 986 4234 lll,
1000 4167 1098 4220 Harles.
1112 4165 1140 4219 in

64 4261 95 4300 ut
120 4267 175 4300 non
196 4243 341 4298 mirandum
357 4243 409 4310 sit,
431 4239 579 4295 Christianis
630 4239 753 4315 Gatalogo
767 4241 1032 4299 Stoicendocueruut.
