2978 4942
291 426 357 510 4⁸0
620 419 690 490 na
715 415 1024 492 asusrtctts

290 573 379 639 tem,
402 557 502 622 Hunc
523 565 594 646 ego
604 553 862 646 locupletiorem
887 554 1031 635 luciam,
1051 554 1155 646 hujus
1177 551 1370 648 dignitati,

290 670 432 763 adjectis
458 670 613 762 opibus,
640 670 774 763 aliquid
799 671 991 764 splendoris
1015 670 1201 738 affirndam.
1231 671 1269 740 si
1297 695 1373 737 non

290 787 409 857 damus
428 785 598 854 beneficia
630 787 697 854 nisi
721 787 915 879 recepturi,
945 786 1131 854 intestatis¹
1151 786 1374 853 moriendum

290 906 346 974 sit.
358 903 493 986 Dicitis,
510 903 635 994 inquit,
652 902 857 971 beneficium
872 901 1040 971 creditum
1052 903 1251 970 insolubile²
1267 927 1369 970 esse:

290 1017 459 1085 creditum
474 1032 587 1084 autem
602 1032 735 1084 nonest
747 1039 802 1084 res
817 1039 882 1108 per
895 1039 931 1084 se
943 1013 1144 1108 expetenda.
1162 1015 1281 1110 Quum
1291 1039 1373 1084 cre-

290 1135 398 1202 ditum
415 1133 583 1218 dicimus,
605 1135 755 1228 imagine
772 1148 808 1201 et
826 1125 1069 1201 mandatione'
1091 1125 1233 1202 utimur.
1253 1135 1312 1202 Sic
1334 1149 1373 1203 et
1477 1195 1478 1214 ,

289 1255 426 1346 legem,
439 1251 525 1344 justi
546 1251 733 1343 injustique
751 1249 906 1344 regulam
924 1271 997 1318 esse
1014 1271 1023 1315 t
1042 1267 1076 1318 et
1093 1251 1213 1344 regula
1231 1275 1302 1319 non
1317 1267 1373 1318 est

185 1391 190 1402 ¹
291 1391 424 1462 reaper
442 1391 478 1436 se
497 1362 723 1461 expetenda⁴.
745 1367 799 1435 Ad
816 1368 888 1435 haec
906 1365 1013 1436 verba
1031 1364 1304 1434 demonsttandae
1318 1367 1371 1436 rei
1477 1371 1478 1396 ¹

291 1511 392 1557 causa
418 1487 667 1556 descendimus.
695 1485 812 1578 Quum
834 1481 911 1553 dico
936 1486 1126 1567 creditum,
1159 1485 1371 1578 intelligitur

292 1622 451 1699 tanquam
474 1601 656 1672 creditum.
681 1603 741 1671 Vis
766 1602 877 1671 scire?
894 1599 1019 1694 adjicio
1035 1602 1241 1682 insolubile,
1260 1627 1371 1694 quum

291 1718 459 1788 creditum
475 1717 609 1787 nullum
627 1743 697 1786 non
715 1718 799 1787 solvi
816 1734 876 1787 aut
891 1721 1019 1812 possit,
1041 1735 1100 1788 aut
1119 1719 1254 1788 debeat.
1271 1719 1372 1787 Adeo

292 1835 497 1904 beneficium
520 1835 676 1904 utilitatis
700 1859 800 1903 causa
817 1833 968 1904 dandum
990 1860 1059 1903 non
1082 1853 1157 1916 est,
1187 1851 1227 1904 ut
1248 1859 1367 1929 steps,

293 1951 577 2043 quemadmodum
588 1951 658 2020 dixi
667 1945 693 2035 ⁵,
703 1975 779 2020 cum
792 1950 915 2020 damno
928 1975 969 2020 ac
979 1952 1134 2046 periculo
1147 1951 1299 2020 dandum
1310 1953 1367 2018 sit.

252 2081 268 2134 3
292 2068 348 2137 Sic
374 2067 563 2139 latronibus
582 2069 850 2136 circumventum
868 2065 1041 2148 delendo,
1061 2083 1101 2134 ut
1121 2082 1194 2134 tuto
1219 2069 1369 2134 transire

292 2187 507 2280 permittatur
527 2211 534 2251 ι
551 2208 647 2253 reum
660 2185 769 2278 gratia
781 2175 1006 2252 laborantem⁵
1019 2199 1129 2264 tueor,
1141 2200 1176 2250 et
1189 2183 1370 2251 hominum
1477 2271 1478 2274 Ἴ

292 2303 481 2396 potentium
497 2302 675 2370 factionem
691 2303 728 2368 in
747 2324 800 2368 me
817 2312 1001 2381 converto,
1018 2321 1103 2391 quas
1121 2298 1172 2366 illi
1189 2297 1371 2367 detraxero

293 2415 453 2498 sordesl,
479 2415 543 2484 sub
558 2414 811 2484 accusatoribus
830 2411 950 2480 iisdem
975 2412 1116 2480 fortasse
1141 2429 1368 2505 sumpturus,

293 2556 398 2625 quum
410 2530 507 2599 abire
524 2531 560 2599 in
576 2546 707 2624 partem
724 2519 886 2598 alteram⁸
907 2530 1050 2626 possim,
1068 2544 1104 2596 et
1117 2551 1259 2599 securus
1276 2555 1372 2624 spec·

294 2776 407 2828 Annuus
419 2789 494 2847 negat
506 2776 641 2849 paritatem
651 2793 658 2828 t
668 2795 728 2828 nam
738 2793 803 2847 steps
853 2773 934 2836 dnm,
946 2773 1069 2843 injustum
1079 2795 1124 2847 per
1134 2795 1161 2827 se
1170 2776 1231 2830 odio
1242 2777 1371 2848 dignum:
1477 2769 1478 2842 l

294 2873 353 2906 eum
365 2853 478 2927 periculo
492 2865 517 2906 et
532 2855 626 2906 &mnu
639 2852 712 2906 datur
723 2852 804 2906 bene·
854 2862 879 2902 at
896 2850 957 2921 insti
971 2864 995 2903 et
1010 2851 1098 2924 injusti
1115 2853 1203 2926 regula
1216 2875 1262 2927 per
1277 2875 1305 2908 ae
1323 2877 1372 2908 uec

295 2930 393 2984 fitium,
854 2929 982 3002 optanda,
993 2949 1040 2984 nee
1051 2933 1243 2986 reformidanda
1254 2948 1300 2988 est.

330 3028 351 3060 r.
363 3009 510 3062 Intestutis.
521 3007 582 3060 Non
593 3009 659 3061 lacto
671 3019 805 3062 testamen·
888 3012 912 3062 5.
935 3005 1168 3078 Quemadmodum
1178 3014 1249 3065 Aulai.
1260 3015 1292 3066 F..
1304 3035 1327 3068 c.
1339 3017 1369 3074 l.

294 3098 329 3139 to.
338 3085 377 3138 ld.
390 3084 482 3137 Gallie.
494 3083 585 3138 dicitur
596 3085 631 3138 ab
642 3089 756 3139 intestut.
857 3105 888 3140 ιο
898 3085 943 3140 lin.
954 3090 990 3140 At
1000 3089 1090 3163 sepina
1101 3089 1154 3145 baec
1163 3091 1370 3164 siniliaqnejarn

329 3184 352 3217 a.
365 3165 497 3216 Creditum
508 3164 652 3218 insolubile.
664 3163 732 3231 Quia
741 3185 806 3220 scm·
855 3165 958 3220 dixerat.

295 3260 340 3314 per
350 3239 510 3312 obligamur,
535 3254 558 3294 et
571 3260 649 3312 quum
661 3239 803 3305 solvimus,
887 3246 911 3300 6.
924 3246 1013 3302 Reum
1020 3252 1111 3317 gratia
1122 3251 1298 3304 laborantem.
1315 3251 1370 3320 Qui

297 3317 427 3370 debemus.
440 3317 510 3386 Lips.
711 3391 714 3398 ⁴
855 3344 943 3395 parum
959 3325 1083 3398 gratiosus
1097 3339 1133 3379 est
1148 3328 1215 3399 apud
1228 3329 1371 3402 populum,

329 3395 352 3446 3.
366 3395 490 3465 Imagine
501 3391 527 3450 'et
538 3399 719 3451 translatione.
739 3399 757 3450 l.
772 3397 806 3450 si·
855 3401 1013 3474 autiudicas3
1023 3403 1063 3454 cui
1069 3405 1150 3476 gratia
1157 3406 1235 3458 deest
1242 3407 1371 3460 Laborare

295 3473 440 3525 militudine
461 3475 570 3544 quadam
593 3487 617 3527 et
638 3475 784 3550 metaphora
796 3499 803 3540 ;
855 3479 915 3532 odio
926 3518 933 3544 ,
943 3481 1010 3534 farne
1020 3518 1027 3546 ,
1038 3493 1084 3534 stc.
1095 3495 1131 3534 est
1142 3483 1243 3555 propria
1256 3485 1368 3556 fatigari,

295 3551 339 3604 illa
349 3551 383 3604 ita
396 3551 515 3605 describit
525 3553 623 3624 aliquid
638 3553 804 3608 similitudine
854 3555 939 3626 urgeri
955 3559 1016 3612 odio
1033 3561 1168 3630 fameque:
1183 3561 1265 3634 grstia
1284 3563 1371 3634 itaque

295 3628 394 3682 alterius
407 3631 444 3684 rei
454 3668 462 3694 ‚
476 3642 504 3682 ot
513 3632 585 3700 quasi
597 3631 623 3684 itt
635 3653 688 3684 rem
699 3653 805 3707 praesen·
855 3633 952 3686 laborat
962 3637 1000 3703 is,
1017 3638 1062 3709 qui
1075 3637 1196 3710 premitur
1207 3638 1305 3710 gratia,
1319 3659 1370 3710 qua

294 3719 345 3758 tera
365 3707 494 3779 pervenias
513 3727 519 3760 :
542 3707 596 3762 baec
615 3708 764 3776 adhibetur,
783 3711 805 3762 si
854 3709 1121 3790 adversarinsgaudet

295 3783 372 3836 verbo
382 3785 483 3858 proprio
500 3803 627 3837 careamus
640 3786 718 3838 simili
733 3800 805 3841 uten-
890 3810 911 3858 7.
923 3791 1029 3849 Sordes.
1037 3797 1136 3868 Togam
1154 3795 1303 3861 sordidam,
1316 3799 1371 3874 aig-

294 3875 338 3916 tea.
354 3863 394 3915 et.
413 3864 516 3917 Seuera
532 3863 610 3938 Epist.
629 3881 685 3931 arx,
701 3865 765 3938 leq.
781 3880 805 3919 et
855 3887 918 3922 num
928 3891 1040 3926 reorum.
1048 3876 1092 3929 sis
1103 3875 1135 3928 de
1144 3875 1233 3929 Renes.
1242 3877 1277 3943 ll,
1288 3879 1332 3944 35,
1344 3879 1370 3945 3,

295 3960 370 4011 quem
379 3942 415 3994 ibi
422 3943 525 3995 laudavi
535 3943 634 3997 Ernesti
644 3945 726 3999 lexic.
737 3945 806 3998 teeb-
855 3943 972 4004 detracta
983 3954 1077 4008 sordes.

295 4017 399 4070 collat.
411 4017 473 4070 rhet.
486 4021 573 4093 lmago
585 4033 610 4072 ct
622 4021 800 4076 Translatio.'
890 4027 913 4080 8.
938 4029 1022 4084 Abire
1052 4035 1080 4084 t'n
1107 4046 1211 4100 purtem
1244 4037 1371 4086 alterum.

327 4097 350 4160 4.
359 4095 462 4165 Regula
471 4119 522 4150 non
533 4109 574 4151 est
584 4119 623 4153 res
633 4120 681 4170 per
692 4121 804 4170 reexpe·
853 4107 1023 4181 Translugera
1034 4147 1042 4176 ,
1057 4125 1083 4164 et
1096 4132 1141 4184 pro
1153 4105 1304 4164 adversariis
1314 4113 1372 4164 mi—

293 4175 378 4230 unda.
390 4173 406 4225 J
409 4195 436 4227 ua
449 4189 472 4228 et
485 4175 578 4248 justum
589 4199 633 4248 per
644 4200 669 4233 se
681 4193 803 4252 expeten-
851 4185 933 4239 litare.
953 4187 1060 4242 Videtur
1079 4190 1127 4243 sibi
1150 4191 1292 4245 contrarius
1316 4212 1372 4245 ease
