2990 4942
284 466 344 536 ι66
451 463 518 534 AD
544 465 794 538 MARCIAM
818 467 1180 542 CONSOLATIO.

277 612 384 664 torem
401 595 513 688 ipsum
530 592 758 690 superfuisse!
781 587 867 668 vidit
885 597 1083 694 AEgyptium
1097 611 1108 648 ¹
1125 599 1351 682 osrnilicem,

276 728 312 782 et
337 728 584 782 saomsnuctum
616 713 802 784 victoribus
832 739 956 809 eorpus
984 713 1149 786 satelliti²
1164 719 1349 812 praestitit:

277 827 407 896 etiamsi
432 825 610 894 inoolumis
634 815 770 913 luisset,
790 829 1025 922 poeniteutiam
1044 831 1162 900 solutis
1185 848 1350 916 neturus,

279 941 363 1036 quid
374 943 465 1010 enim
478 959 551 1012 erut
559 945 711 1037 turpius,
729 969 831 1036 quom
843 945 1041 1038 Pompeium
1054 945 1171 1016 vivere
1180 947 1354 1016 beneficio

281 1056 371 1150 regis
385 1053 427 1125 Ῥ
450 1059 499 1126 Μ.
525 1052 672 1128 Cicero⁴
698 1060 727 1128 si
749 1081 790 1128 eo
805 1074 978 1152 tempore,
999 1082 1067 1153 quo
1088 1061 1244 1130 Cutiliuae
1265 1061 1355 1130 siens

207 1225 220 1242 e
280 1172 463 1260 devitavit,
483 1173 608 1265 quibus
627 1176 757 1268 pariter
772 1199 848 1246 eum
871 1178 983 1270 patria
999 1180 1126 1272 petitus
1141 1196 1214 1265 est,
1235 1181 1354 1249 conci-

281 1287 407 1372 disset,
427 1288 570 1357 libemtu
585 1289 787 1384 Republica,
810 1307 1026 1363 conservator
1046 1295 1142 1386 ejus,
1158 1296 1187 1362 si
1202 1293 1357 1387 denique

284 1404 362 1472 liliae
378 1427 446 1472 suse
465 1405 566 1474 firntu
578 1421 713 1474 secutus
730 1407 867 1491 luisset,
884 1410 985 1477 etiam
1002 1426 1084 1479 tuuc
1097 1410 1178 1479 felix
1190 1413 1278 1479 mori
1294 1437 1358 1506 po-

284 1521 361 1590 tuit.
393 1523 470 1589 Non
483 1513 649 1591 vidisset⁵
673 1523 807 1592 strictos
823 1525 860 1592 in
878 1525 996 1594 civilia
1018 1527 1130 1620 capitu
1150 1551 1355 1611 mucrones,

285 1659 349 1704 nec
367 1635 475 1704 divisa
493 1639 751 1730 percussoribus
768 1640 955 1709 occisorum
982 1641 1093 1726 bona,
1125 1659 1166 1711 ut
1190 1643 1294 1711 etism
1313 1640 1358 1710 de

285 1745 373 1821 suo‘
393 1754 573 1845 perirent,
598 1778 668 1822 nou
687 1755 817 1824 metum
834 1759 845 1802 ⁷
870 1757 1061 1828 consuleris
1080 1759 1188 1852 spolia
1201 1759 1359 1830 vendeu-

287 1884 354 1936 tem
367 1897 376 1955 3
387 1891 452 1936 nec
462 1866 584 1952 caedes,
600 1893 666 1940 nee
678 1870 786 1940 locata
799 1871 936 1965 publice
949 1872 1140 1958 latrocinio,
1151 1873 1256 1959 bella,
1271 1875 1361 1968 rapi·

245 1993 258 2038 ⁷
287 2009 365 2067 nas,
388 1999 517 2054 tantum
530 1981 787 2056 Catilinarum⁸.
803 1990 958 2056 Murcum
970 1989 1133 2058 Catonem
1145 1993 1159 2038 ⁹
1169 1991 1197 2058 si
1213 1991 1362 2083 uCypro

288 2119 321 2172 et
334 2102 533 2171 hereditatis
548 2105 653 2198 regite
668 2102 920 2197 dispensatione
932 2104 1133 2175 redeuntem
1146 2131 1241 2177 mare
1256 2105 1363 2176 devo-

288 2237 417 2304 rasset,
438 2219 493 2288 vel
507 2245 583 2288 eum
602 2221 659 2288 illa
677 2221 846 2313 pecunia,
865 2246 966 2312 quam
985 2223 1149 2291 afferebat
1161 2224 1254 2292 civili
1268 2223 1363 2292 bello

288 2441 668 2497 thelioedimieeritPs-r'mo
676 2447 800 2506 acies,ete.
850 2440 958 2495 Octavio
976 2443 1016 2508 (e.
1036 2443 1070 2496 U.
1090 2443 1120 2496 tt
1140 2463 1195 2514 7¹¹·
1220 2441 1273 2497 Dio
1294 2445 1366 2498 cm.

290 2523 331 2577 bie
348 2535 432 2575 eutem
452 2521 578 2594 duplicem
591 2539 693 2573 sensum
709 2519 801 2572 babet:
849 2520 961 2584 XLVII,
973 2521 1018 2588 8),
1040 2521 1135 2574 deiude
1145 2535 1171 2574 et
1187 2523 1287 2576 strictos
1308 2523 1363 2578 acie

289 2601 353 2668 soil,
362 2613 390 2652 ut
398 2601 476 2672 vulgo
486 2595 623 2672 significet,
633 2599 803 2670 puguaelrou·
851 2594 997 2649 Pberselice
1008 2598 1036 2648 in
1049 2597 1144 2651 rivium
1157 2601 1239 2674 eapite
1254 2619 1365 2652 muero-

289 2681 385 2743 tem(lo
389 2677 603 2745 premier-eligere)
611 2675 719 2726 tenuisse
726 2673 801 2748 petri-
850 2693 909 2740 ues,
920 2685 945 2725 et
957 2673 1025 2727 bone
1038 2673 1119 2727 divise
1132 2695 1161 2727 ee
1170 2675 1314 2728 subhastata
1327 2674 1366 2746 ip-

291 2757 362 2818 sios,
380 2755 440 2810 dein
450 2793 458 2823 ,
470 2773 514 2806 eos
533 2753 681 2826 oonspieuos
695 2749 804 2803 maxime
849 2750 901 2802 tius
917 2750 994 2803 etium
1009 2751 1141 2826 Pompeii,
1161 2767 1223 2822 ete,
1239 2752 1364 2820 videret,

291 2834 369 2889 luisse
388 2834 455 2885 inter
468 2832 559 2904 Pomp.
572 2829 680 2903 partium
693 2828 782 2880 robore
798 2865 805 2893 ,
851 2827 1007 2901 Lipsiobene
1017 2830 1244 2883 animadvertente.
1254 2829 1295 2884 et.
1308 2831 1365 2885 cie.

292 2909 806 2984 quoduospoesremusenpremiereligue.
851 2907 926 2958 Tute.
940 2907 964 2970 l,
977 2905 1023 2972 35,
1036 2905 1082 2959 liu.

328 2989 524 3061 rAEpyptium
539 2987 694 3056 somtfitem.
708 2987 808 3058 Nempe
887 2986 908 3036 5.
922 2984 983 3036 Non
1000 2987 1123 3049 vidisset,
1145 2995 1191 3037 ete.
1212 2983 1367 3036 Meminisse

293 3067 421 3122 Achillem
433 3065 580 3131 (Discus.
592 3065 678 3127 xbtt,
689 3066 733 3132 4).
853 3063 899 3115 iste
919 3062 1008 3134 jubent
1027 3061 1110 3115 Taciti
1130 3061 1158 3114 in
1176 3060 1290 3135 Agricol.
1309 3080 1364 3135 cap.

327 3142 747 3214 =.Satetttti.1’intianienqu0d
763 3142 807 3194 ed·
853 3140 944 3208 XLV,
963 3161 1078 3195 socerum
1094 3142 1195 3197 lelieem
1214 3140 1366 3206 elementis,

294 3221 500 3296 opteritbipeiue»
509 3219 580 3274 Libri
591 3222 642 3274 lere
655 3239 743 3274 omues
754 3239 806 3273 su·
854 3218 924 3290 quud
935 3231 1016 3272 morte
1032 3219 1080 3272 site
1096 3231 1155 3272 ente
1171 3219 1241 3272 diem
1258 3231 1367 3294 ruptus,

294 3303 387 3354 tietuti.
398 3298 550 3373 Septimium
563 3312 647 3351 autern
668 3298 804 3372 iutelligit,
854 3309 891 3350 tot
901 3310 925 3350 ut
939 3309 1008 3350 unte
1024 3298 1170 3372 reipublice
1186 3297 1293 3350 vulnere
1312 3317 1384 3350 nou¹

296 3382 442 3434 Romanurn
454 3390 478 3431 et
488 3378 566 3452 ipsius
578 3378 681 3450 Pompei
689 3377 756 3430 bello
765 3377 806 3451 pi·
854 3375 1011 3449 adspexissot.

297 3459 374 3512 retice
386 3457 501 3512 militem.
509 3460 596 3529 ltaque
605 3458 760 3532 imperatoris
769 3456 804 3509 il·
886 3453 955 3506 ane
964 3471 1027 3517 suo,
1041 3471 1075 3504 se.
1082 3463 1110 3504 ut
1117 3450 1165 3526 ipsi
1175 3451 1308 3526 premium
1316 3469 1370 3505 suu

297 3537 346 3590 lius
357 3535 426 3588 velut
439 3536 543 3608 stipator
552 3547 596 3588 eut
608 3535 705 3590 satelles
719 3537 807 3588 lueret.
855 3529 943 3584 mortis
955 3543 1044 3583 esseut.

330 3614 454 3684 3-1iege's.
470 3615 567 3686 Nempe
583 3613 714 3666 Ptolemei
724 3613 806 3686 pueri.
889 3625 912 3672 7·
925 3605 1061 3668 Hastam,
1075 3627 1152 3677 quent
1163 3607 1300 3678 Cuupro
1312 3605 1369 3660 ndo

299 3692 389 3748 Cicero
402 3692 419 3744 l.
437 3713 459 3746 e.
472 3692 504 3745 de
519 3691 643 3764 Pompeio
653 3691 707 3744 lutee
719 3689 807 3743 eadem
856 3685 928 3738 Jovis
946 3684 1050 3739 Statoris
1067 3685 1096 3738 iu
1113 3687 1169 3740 loro
1182 3687 1268 3759 posuit
1279 3701 1286 3737 ε
1297 3685 1369 3738 haste

298 3773 350 3825 lere
362 3769 492 3844 exposuit,
509 3781 535 3823 et
550 3769 601 3821 nisi
619 3767 695 3822 fallor
707 3805 714 3833 ,
727 3767 817 3820 multo-
856 3763 958 3816 Julieue
971 3779 977 3814 τ
989 3763 1053 3838 Epp.
1066 3763 1119 3816 Cic.
1133 3763 1182 3831 IX,
1197 3761 1316 3827 mxv,
1331 3779 1369 3832 ¹7·

298 3848 441 3924 pulchrius,
454 3868 543 3921 purum
561 3847 675 3920 cogitans
693 3857 718 3898 et
732 3845 763 3899 de
781 3863 808 3897 te
856 3839 897 3891 De
911 3841 955 3892 off.
967 3839 1008 3905 ll,
1020 3841 1036 3892 8
1048 3851 1073 3891 et
1087 3858 1127 3892 υ.

299 3927 361 3982 olim
373 3925 422 3979 boe
435 3925 485 3978 diei
496 3943 575 3997 posse.
888 3918 913 3971 8.
930 3916 1044 3990 Tettium
1061 3915 1247 3972 Casilinum,
1263 3918 1286 3971 l.
1300 3939 1323 3971 e.
1334 3929 1373 3972 tot

333 4010 356 4072 4.
367 4006 408 4058 Μ.
422 4005 526 4071 Cicero,
544 4015 591 4056 eto.
604 4001 666 4055 Hae
683 3999 715 4053 tls
729 3999 808 4056 Cioe-
856 4015 909 4048 uuo
921 4006 1034 4067 tempore
1045 3993 1175 4048 Catilinas.

299 4103 362 4141 rone
379 4081 557 4140 declamatorie
569 4079 645 4134 nimis
660 4078 725 4131 elate
739 4088 806 4130 suut.
890 4091 916 4144 9.
930 4073 1055 4126 Manum
1072 4075 1204 4138 Catonem,
1216 4086 1262 4128 ete.
1276 4074 1372 4128 Ptole-

299 4161 367 4216 Nem
380 4161 445 4214 iuter
454 4159 577 4233 primores
584 4154 734 4231 proscriptos
742 4153 809 4207 oeci·
858 4165 935 4207 meus
946 4153 1076 4205 Romanos
1086 4151 1200 4206 lueredes
1211 4153 1371 4225 reliqueret:

300 4261 342 4298 sut
354 4252 407 4308 est,
417 4231 808 4304 uiumviristntonio,1.epido,
858 4251 914 4284 nm
926 4229 960 4284 ob
971 4250 1024 4284 rem
1035 4231 1071 4284 Μ.
1083 4230 1145 4285 Ceto
1159 4231 1251 4286 Clodio
1267 4245 1374 4286 enetore
