2954 4926
424 403 520 470 LIB.
547 404 625 491 Vl,
652 403 763 475 CAP.
792 401 880 468 vll.
1129 404 1189 495 ⁵9¹

114 536 325 607 manifestius
343 548 418 620 est,
436 557 538 626 quam
557 549 596 601 ut
613 532 683 602 ulla
702 533 738 599 in
758 530 824 598 hoe
841 527 946 598 verba
966 527 1196 623 impendenda

113 656 196 724 sint.
212 656 256 722 Et
272 653 347 720 baec
363 652 502 744 quaestio
519 641 619 720 facile
639 647 851 743 expedietur,
880 660 914 714 et
935 648 964 714 si
990 669 1057 740 qua
1074 646 1197 716 similis
1208 657 1224 698 ’-

113 771 198 840 huic
216 771 346 866 moveri
372 782 505 862 potest,
526 770 555 837 si
581 769 681 836 toties
698 766 758 835 illo
777 767 1018 858 cogitationem
1045 751 1196 834 nostram

114 886 383 958 converterimus
400 911 408 951 :
429 885 637 959 beneficium
650 883 783 952 nullum
796 897 869 966 est,
888 883 956 950 nisi
969 880 1064 976 quod
1075 880 1121 950 ad
1134 906 1196 950 nos

113 1002 264 1094 primum
282 999 398 1090 aliqua
412 999 595 1092 cogitatio¹
617 996 753 1082 defert,
773 995 902 1064 deiude
916 997 1025 1064 amica
1042 1013 1077 1064 et
1095 997 1197 1064 beni·
1300 1043 1302 1048 -

115 1140 197 1210 gua.
218 1117 336 1208 Itaque
353 1139 418 1182 nec
438 1113 638 1182 fluminibus
655 1115 782 1210 gratias
798 1113 952 1207 agimus,
969 1115 1125 1206 quamvis
1137 1128 1197 1181 aut
1222 1135 1238 1188 3

113 1257 240 1327 magua
253 1233 390 1326 navigia
403 1233 590 1325 patiantur,
608 1248 643 1300 et
658 1231 703 1299 ad
720 1229 958 1300 subvehendas
969 1232 1085 1324 copias
1099 1231 1196 1326 largo
1211 1289 1215 1295 .

113 1374 156 1417 ac
171 1351 316 1442 perenni
334 1348 433 1416 alveo
450 1363 610 1432 currant,
630 1363 689 1416 aut
709 1349 842 1440 piscosa
856 1364 890 1415 et
903 1371 1034 1416 amoena
1054 1349 1197 1442 pingui-

112 1465 182 1534 bus
199 1468 290 1534 arvis
309 1464 508 1532 interfluant
531 1493 538 1530 :
570 1489 635 1532 nec
661 1465 843 1558 quisquam
863 1463 964 1532 Nilo²
987 1464 1196 1532 beneficium

114 1582 245 1650 debere
262 1606 299 1650 ee
313 1581 470 1676 judicat,
492 1606 561 1654 non
579 1583 689 1676 magis
705 1605 806 1673 quam
826 1578 965 1664 odium,
985 1583 1014 1649 si
1032 1580 1197 1649 immodi-

114 1725 178 1770 cus
190 1702 390 1796 superfluxit
400 1751 411 1786 ,
423 1685 587 1792 tardeque
602 1699 743 1768 recessit
757 1726 765 1766 :
779 1723 843 1767 nec
853 1716 977 1767 ventus
989 1697 1196 1768 beneficium

114 1815 194 1898 dat,
212 1814 293 1888 licet
305 1813 393 1881 lenis
407 1830 441 1881 et
455 1815 624 1882 secundus
640 1815 768 1906 aspiret
781 1842 790 1892 3
805 1837 871 1881 nec
891 1813 987 1882 utilis
1004 1829 1039 1882 et
1051 1813 1198 1882 salubris

115 1930 228 1998 cibus.
245 1933 330 1998 Nam
349 1932 408 2023 qui
427 1929 633 1998 beneficium
652 1930 737 1997 mihi
755 1929 897 1998 daturus
916 1946 988 2014 est,
1009 1929 1112 1999 debet
1127 1953 1197 2000 non

66 2091 67 2094 =
115 2060 249 2114 tantum
270 2046 451 2142 prodesse,
479 2046 540 2116 sed
564 2047 666 2114 velle.
688 2047 771 2115 Ideo
795 2072 860 2116 nec
878 2049 978 2116 mutis
994 2046 1199 2116 animalibus

115 2161 306 2256 quidquam
326 2163 495 2233 debetur:
516 2180 550 2233 et
565 2189 667 2257 quam
684 2164 808 2234 multos
830 2189 849 2232 e
866 2163 1021 2258 periculo
1036 2165 1199 2240 velocitas

115 2283 200 2374 equi
218 2283 360 2374 rapuit?
378 2307 442 2350 nee
461 2283 641 2352 arboribus
660 2309 667 2349 ε
690 2299 723 2350 et
742 2307 843 2374 quam
862 2283 986 2350 multos
1003 2300 1088 2352 aestu
1102 2283 1200 2352 labo-

102 2375 233 2467 rantes
255 2424 428 2468 ramorum
459 2394 628 2494 opacitas³
654 2399 760 2466 texit?
775 2398 872 2491 Quid
897 2400 1197 2488 autem'interest,
1225 2425 1240 2490 4

115 2530 234 2584 utrum
252 2517 339 2586 mihi
355 2519 415 2610 qui
435 2518 563 2600 nescit,
583 2513 772 2610 profuerit,
791 2541 835 2584 an
855 2517 916 2608 qui
934 2517 1022 2584 seire
1044 2541 1115 2584 non
1132 2541 1197 2612 po-

117 2632 211 2700 tuit?
228 2657 333 2725 quum
351 2635 490 2725 utrique
502 2633 591 2701 velle
610 2631 769 2702 deluerit.
788 2631 886 2725 Quid
897 2639 1014 2702 'autem
1033 2636 1195 2718 interest,
1300 2707 1304 2720 ,

116 2764 232 2816 utrum
252 2773 306 2818 me
318 2748 441 2844 jubeas
458 2751 536 2817 navi
546 2800 557 2836 ‚
573 2765 631 2817 aut
646 2750 829 2834 vehiculo,
849 2767 908 2818 aut
926 2751 1051 2820 lancee
1072 2752 1199 2822 debere

117 2957 195 3010 quam
217 2937 326 2990 breviter
348 2937 463 2990 dixerim.
487 2935 634 2990 Obscuritas
683 2937 755 3002 lieae,
772 2936 825 2988 sive
844 2937 879 2990 ad
902 2938 1042 2992 rbeubitos
1060 2941 1199 3009 (coude'es)

117 3015 300 3092 propositionis
319 3017 379 3068 latet
392 3016 421 3068 in
436 3015 577 3086 adjectivo,
597 3007 635 3068 in·
684 3014 712 3066 in
720 3015 834 3088 AEgypto
846 3015 970 3089 superiori
978 3015 1086 3092 optimas
1096 3039 1152 3092 spes
1161 3041 1201 3074 ex·

117 3099 209 3160 orius,
232 3093 301 3162 quod
316 3113 396 3162 quum
409 3093 558 3158 uolentem,
581 3103 635 3143 tum
685 3093 744 3146 citat
758 3112 764 3145 :
778 3093 864 3146 minor
881 3094 931 3148 hoc
947 3109 1022 3148 auctu
1040 3117 1093 3149 nou
1112 3101 1200 3152 omnia

117 3173 239 3246 ignarum
251 3171 433 3244 complectitur.
685 3173 769 3246 rigat,
787 3192 896 3244 eumque
911 3193 1033 3248 superans
1052 3176 1128 3231 nimis
1144 3197 1200 3231 sero

156 3267 178 3301 ι.
193 3251 338 3320 Cogitatio,
358 3261 385 3302 ut
396 3247 540 3302 consultum
555 3265 637 3319 spou-
687 3249 783 3302 defluit.
796 3251 836 3303 Cl·
858 3251 928 3304 Pliu.
949 3253 984 3306 H.
1001 3257 1035 3306 N.
1050 3255 1088 3318 V,
1103 3275 1135 3328 9,
1155 3257 1200 3328 qui

117 3341 291 3401 teneamque,
302 3350 358 3382 non
369 3329 502 3382 fortuitum
513 3327 553 3379 sit.
686 3327 757 3381 locus
769 3340 805 3381 est
816 3323 942 3392 classicus,
953 3331 1037 3396 Jubae,
1050 3333 1116 3408 regis
1125 3335 1201 3386 Mau·

154 3429 178 3460 2.
197 3409 270 3462 Nilo.
286 3407 378 3460 Notius
392 3405 490 3459 flumen
510 3425 586 3476 quam
605 3405 636 3458 de
687 3407 801 3470 ritaniae,
819 3407 965 3460 auctoritate
979 3409 1061 3462 nixus.
1075 3409 1200 3464 Caeterum

118 3507 173 3558 quo
182 3488 237 3540 lose
247 3507 359 3560 agamus.
370 3483 431 3538 Vid.
441 3483 539 3538 Herod.
547 3482 591 3536 lib.
602 3484 635 3548 ll,
686 3483 748 3536 Nilo
757 3484 824 3536 iuter
832 3486 900 3538 Deos
912 3485 990 3539 relato
1001 3500 1025 3539 et
1034 3509 1111 3558 quem
1119 3509 1202 3542 unum
1276 3536 1280 3544 ,

119 3588 175 3639 cap.
194 3587 238 3632 ro,
256 3565 301 3620 lib.
319 3568 378 3630 lv,
396 3585 450 3640 rap.
470 3565 519 3628 50;
538 3565 637 3616 Lucret.
687 3583 716 3616 ac
728 3563 846 3616 eumdem
860 3585 918 3618 cum
935 3566 1004 3619 Osiri
1016 3567 1092 3620 luisse
1105 3569 1201 3641 proba-

119 3647 167 3699 lib.
177 3647 215 3698 vl
226 3685 233 3712 ,
246 3665 283 3698 vs.
301 3666 365 3716 7¹²3
379 3645 467 3709 lllela,
482 3641 525 3695 lib.
540 3640 569 3708 l,
583 3662 636 3715 cap.
686 3642 738 3697 bile
747 3644 856 3697 maxime
865 3659 916 3709 est,
929 3645 1031 3698 divinos
1042 3646 1153 3712 bonores
1161 3649 1200 3700 tri·

119 3746 154 3797 93
167 3723 212 3776 lib·
223 3723 275 3789 lll,
290 3744 344 3793 cap.
354 3721 370 3774 3
380 3744 388 3788 ;
403 3722 556 3800 Claudiam,
577 3722 637 3796 epi-
686 3722 770 3776 buisse
781 3715 921 3796 AEgyptios
932 3762 939 3790 ,
953 3725 1063 3798 ideoque
1072 3725 1149 3778 Nilos
1161 3731 1201 3794 (aa

120 3823 231 3877 gramm.
250 3801 284 3855 de
300 3801 369 3855 Nilo.
392 3801 459 3853 Tum
479 3802 511 3852 ci.
534 3801 637 3854 Senecae
686 3803 779 3869 Nilos)
787 3801 933 3868 celebrasse,
943 3815 1033 3854 notum
1045 3815 1087 3858 est.
1099 3803 1201 3855 (2th

120 3883 180 3935 Nat.
201 3881 254 3950 Qu.
271 3881 329 3946 lV,
353 3880 408 3932 init.
428 3879 565 3932 Diversum
585 3900 636 3938 esse
687 3881 799 3952 blomlsy
812 3880 904 3935 Panrh.
919 3881 1028 3954 AEgypt.
1044 3881 1073 3934 P.
1090 3881 1134 3946 ll,
1154 3881 1199 3934 lib.

120 3959 176 4012 Nili
189 3972 292 4013 auctum
310 3958 338 4010 iu
356 3959 473 4034 AEgypto
493 3955 635 4030 superiori,
686 3959 746 4027 IV,
760 3980 813 4034 cap.
828 3979 837 4011 r
851 3953 915 4024 ,ubi
928 3959 1027 4012 doctiss.
1042 3960 1082 4012 vir
1097 3961 1200 4034 egregie

120 4039 208 4092 media
225 4051 249 4091 et
260 4037 376 4092 inferiori
386 4059 432 4112 per
444 4057 470 4090 se
484 4050 558 4114 patet.
575 4035 637 4092 Cre-
686 4037 721 4090 de
733 4038 795 4092 Nilo
807 4038 866 4112 egit.

119 4138 193 4171 scens
214 4131 298 4172 autem
317 4117 379 4173 iudo
397 4116 495 4170 ablaio
507 4135 586 4186 usque
604 4115 637 4168 ad
719 4115 742 4167 3.
749 4115 898 4168 Remorum
909 4119 1035 4183 opacitas.
1047 4115 1080 4168 H.
1094 4136 1116 4168 e.
1127 4116 1201 4189 opaci

120 4197 296 4270 Septembrem
310 4195 340 4248 ad
354 4196 394 4266 27’
407 4195 438 4262 4¹⁹
450 4214 575 4249 mensurae
584 4195 639 4266 gal·
686 4193 761 4258 rami;
770 4192 958 4260 abstractirum,
969 4205 997 4246 ut
1003 4193 1082 4260 aiunt,
1088 4193 1201 4246 vocabu·
