2954 4926
289 487 359 557 tino
627 485 697 556 DE
720 487 1023 558 BENEFICIIS

294 617 373 702 ille,
395 618 454 708 qui
468 632 592 688 'verum
605 616 718 705 diost,
737 635 772 687 et
785 618 960 689 hominem
973 620 1065 687 inter
1077 619 1280 687 mentientes
1294 635 1365 687 sm-

294 732 610 826 pentem¹,ipssque
619 733 934 828 eonsuetudinepro
943 735 1046 802 rectis
1055 733 1364 818 blendnaudiendi,
1461 755 1462 804 t

294 845 339 917 ed
351 848 578 942 ignorantiam
588 852 660 918 veri
672 850 894 945 perductum,
907 850 1061 921 vindicet
1071 875 1093 920 e
1105 875 1273 920 consensu
1283 875 1365 919 oon-

253 993 270 1044 ³
294 979 463 1056 oentuque
478 966 670 1036 tstsorumt.
688 971 763 1037 Non
779 967 895 1052 vides,
909 967 1194 1062 quemadmodum
1210 965 1311 1038 illos³
1331 971 1366 1036 in

294 1107 446 1178 ptaeoeps
468 1099 548 1176 agat
568 1086 733 1152 exstincte
757 1077 932 1168 libertesl,
953 1099 990 1156 et
1007 1082 1092 1154 lidee
1108 1085 1144 1152 in
1161 1085 1366 1176 obsequium

297 1195 418 1265 servile
432 1195 619 1278 submisso,
636 1196 718 1266 dum
729 1219 831 1268 nemo
847 1221 887 1266 ex
904 1199 1009 1266 animi
1023 1199 1076 1267 sui
1090 1193 1279 1266 sententia⁵
1294 1222 1367 1265 sua·

297 1310 355 1380 det
374 1307 637 1402 dissuadetque,
662 1311 722 1380 sed
741 1311 903 1380 adulandi
926 1327 1098 1381 certamen
1117 1327 1188 1394 est,
1208 1327 1245 1380 et
1261 1335 1367 1380 unum

296 1427 479 1495 amicorum
494 1427 646 1496 omnium
659 1425 811 1497 officium
819 1478 831 1512 ,
843 1435 911 1498 u'nn
920 1429 1113 1513 eontentio,
1129 1427 1207 1520 quis
1221 1427 1367 1496 blandis·

258 1565 272 1628 4
297 1545 381 1614 sime
407 1542 526 1613 fellet?
548 1545 753 1632 ignoravere
767 1545 859 1614 vires
881 1535 993 1626 suas⁶,
1011 1559 1046 1612 et
1061 1543 1142 1612 dum
1158 1568 1196 1612 se
1212 1560 1282 1612 tum
1296 1568 1367 1611 me-

299 1683 400 1755 goos,
420 1683 521 1752 quarn
543 1659 702 1745 audiunt,
720 1659 884 1742 credunt,
903 1675 1069 1728 attraxere
1084 1685 1317 1756 supervacue,
1336 1677 1369 1730 et

298 1779 335 1846 in
348 1777 532 1846 discrimen
546 1802 660 1846 rerum
675 1779 825 1848 omnium
842 1793 1049 1872 perventura
1067 1779 1158 1848 bella
1173 1806 1182 1845 :
1199 1779 1319 1848 utilem
1336 1796 1369 1846 et

299 1891 521 1962 neeessariam
532 1915 656 1986 rupere
669 1893 883 1962 concordiem
897 1921 906 1979 3
919 1895 1026 1962 secuti
1039 1895 1142 1976 iram,
1155 1917 1260 1986 quam
1270 1919 1368 1962 nemo

299 2009 477 2078 revoeebst
488 2013 514 2092 ²,
535 2008 718 2078 multorum
736 2011 935 2104 mngsainem
948 2006 1168 2093 hauseruut⁸‚
1188 2006 1299 2080 fu'suri
1312 2037 1369 2080 no·

297 2129 433 2198 vissime
452 2151 568 2210 suum,
592 2128 674 2196 dum
686 2128 861 2196 vindicent
875 2130 1085 2225 inexplorata
1099 2153 1163 2223 pro
1177 2132 1302 2214 certis,
1314 2133 1367 2200 fle
1461 2183 1462 2186 ,

298 2245 489 2336 otiquenon
499 2241 611 2313 minus
621 2245 813 2315 existiment
821 2261 921 2339 turpe
930 2269 1031 2338 quam
1039 2245 1130 2314 vinci
1137 2263 1192 2330 ,et
1201 2264 1366 2340 perpetua

258 2391 273 2440 ⁵
298 2358 461 2446 credunt,
478 2383 554 2452 que
570 2363 607 2429 in
623 2384 790 2430 summum
803 2360 968 2455 perducta
981 2363 1123 2431 maxime
1137 2367 1294 2432 nutem&
1312 2367 1365 2432 in-

299 2623 350 2676 dici
361 2635 449 2676 notnm
461 2637 497 2678 est
508 2642 515 2678 ε
526 2623 562 2678 aie
580 2625 684 2678 Sueten.
701 2625 730 2677 in
742 2626 806 2679 Cea.
854 2625 887 2678 dc
901 2625 1047 2678 adulatione
1062 2639 1088 2679 et
1105 2625 1176 2678 alias.
1193 2625 1290 2678 Noster
1300 2623 1364 2676 leand

298 2721 352 2775 cap.
372 2701 403 2772 7ss
421 2720 427 2754 :
445 2725 458 2750 ι
473 2702 596 2778 ampliore
607 2701 720 2758 humano
732 2702 807 2754 lasti-
854 2701 932 2758 dubie
945 2703 1144 2768 Ptolemeororn
1154 2742 1162 2770 ,
1173 2701 1294 2776 inprimis
1306 2722 1365 2754 vero

297 2780 349 2850 gio.
366 2801 380 2826 e
855 2781 961 2844 Persei,
982 2781 1065 2833 ultimi
1086 2781 1258 2833 Macedonum
1281 2779 1364 2851 regia.

333 2879 354 2911 t.
362 2857 511 2926 Stupentem
521 2857 565 2911 illa
575 2857 717 2924 mendacia,
726 2857 807 2928 iisque
855 2859 924 2929 cujus
930 2858 1032 2912 historia
1041 2857 1309 2920 claimnotissimacst,
1317 2876 1365 2908 me-

297 2937 427 2990 illinitum.
855 2931 1269 3008 moriniascvidctnr.'lpaav.lsoec
1279 2935 1363 2994 verba.

329 3035 352 3066 s.
366 3017 504 3068 Foliorum
515 3015 664 3080 amicornm,
679 3014 804 3068 mentien-
853 3014 888 3066 ait
895 3013 1021 3086 Ruhlopi.
1031 3053 1038 3078 ‚
1047 3013 1177 3084 sequentia
1187 3025 1306 3065 nostrum
1314 3013 1364 3064 ani-

286 3095 358 3147 tium
371 3113 378 3158 3
389 3093 667 3158 calumniaturum,
680 3094 723 3146 aed
734 3093 804 3172 prins
852 3111 942 3154 mum,
957 3092 979 3143 si
997 3092 1058 3160 qnid
1073 3089 1160 3156 alind,
1179 3092 1363 3152 adverterunt.

296 3172 503 3240 anteponendum
515 3184 552 3222 cst
560 3171 595 3223 ob
605 3175 665 3224 illoc
676 3172 750 3224 inira.
851 3169 974 3239 qnoniam
982 3207 989 3232 ,
997 3167 1069 3239 qnasi
1081 3189 1096 3220 a
1107 3181 1162 3222 vate
1173 3171 1298 3242 molesta,
1307 3189 1364 3222 cao·

330 3249 354 3300 3.
365 3249 441 3303 Illos.
457 3249 558 3302 Scilicet
562 3249 660 3315 salsos.
673 3248 734 3300 Vitl.
751 3260 802 3300 not.
851 3265 904 3298 sarn
916 3247 1048 3299 continent
1057 3247 1116 3298 satit
1126 3248 1288 3300 manilcataas
1301 3249 1364 3300 cela·

296 3329 404 3404 precsd.
851 3327 955 3388 nitatis,
965 3345 1130 3398 qnaregnum
1143 3325 1364 3380 Borussiennnn·

328 3409 352 3472 4.
371 3407 513 3460 Exstincto
531 3407 639 3460 tttsrm
663 3404 803 3457 amicorum
851 3423 896 3476 per
909 3404 1176 3475 aillietnmqnerimur.

296 3498 320 3536 ct
329 3483 503 3550 familiarium,
511 3481 688 3560 propterillarn
697 3499 804 3534 consue·
885 3501 909 3545 7.
924 3483 1088 3548 Remeat,
1103 3481 1268 3554 temperabat.

296 3562 410 3614 tudinem
421 3581 465 3633 pro
476 3561 548 3614 rsctie
558 3559 667 3626 blande,
680 3579 700 3612 c·
710 3559 803 3611 adle-
884 3563 908 3614 8.
925 3560 1071 3613 Multos-om
1088 3565 1244 3630 congeriem
1262 3561 1362 3614 Ιισωι-
1457 3617 1458 3630 ¹

294 3652 430 3698 totas'auot
442 3640 572 3694 audiendi.
852 3649 918 3690 mut.
935 3639 1029 3691 lisdem
1045 3639 1097 3691 lere
1114 3638 1305 3690 verbislauean.
1317 3638 1362 3689 l'ls.
1457 3641 1458 3658 ¹

327 3723 350 3771 5.
367 3719 418 3772 Ex
434 3722 521 3771 oesima'
532 3721 575 3770 sni
590 3721 716 3771 sententio
729 3733 738 3768 .·
749 3719 801 3768 lor·
850 3716 894 3768 lib.
906 3717 1007 3780 l,init.«
1018 3717 1074 3768 lloc
1084 3735 1159 3787 qnsm
1170 3715 1258 3769 civiles
1271 3717 1361 3768 hasc-

294 3797 362 3850 mula
373 3801 456 3860 vetus,
469 3817 518 3867 qna
532 3795 729 3868 cignilioabant,
749 3813 801 3865 pn·-
849 3808 909 3847 runt
918 3795 1041 3867 sangnine
1052 3795 1152 3847 dextro.
1168 3815 1181 3840 a

294 3873 372 3940 riter,
393 3874 471 3926 libers
492 3886 563 3926 etex
586 3873 705 3925 interiore
728 3888 802 3922 scnsu
883 3893 907 3942 9.
933 3873 1002 3944 Quoe
1026 3875 1054 3925 tn
1078 3889 1211 3924 suornm
1234 3873 1362 3939 perducta
1456 3933 1457 3938 Ἰ

292 3951 350 4005 dici.
359 3951 398 4003 Cl.
412 3953 511 4004 Ernesti
523 3953 593 4004 Clas.
607 3947 661 4004 Cic.
676 3951 801 4005 Caeterum
850 3955 972 4003 maxime
981 3961 1082 4003 nolant.
1094 3949 1166 4003 idern
1178 3951 1363 4014 lmeanns‚lilt.
1456 3941 1457 3962 ¹

292 4030 325 4082 ds
349 4031 396 4084 hae
412 4031 535 4085 sententia
558 4030 661 4103 collegit
685 4031 801 4100 quedam
853 4027 904 4080 lt«
917 4028 1124 4081 lnaidaiatornrn
1137 4030 1230 4096 series,
1244 4031 1364 4082 summis·

293 4108 451 4162 Freinahcm.
463 4109 495 4161 ad
511 4109 581 4161 Cort-
593 4108 645 4170 lll,
660 4127 693 4171 r,
713 4125 750 4160 tr.
850 4127 900 4177 que
917 4120 1037 4182 uegetum
1058 4110 1129 4160 Stare
1149 4107 1206 4170 din,
1230 4109 1363 4179 nimioque

324 4187 350 4240 6.
361 4189 517 4256 ignorarem
525 4190 670 4238 vircasnos.
682 4184 802 4256 Exempla
851 4205 939 4258 grassa
952 4187 999 4238 suls
1011 4185 1122 4259 pondere
1133 4189 1217 4259 lapsus
1218 4223 1280 4239 .......
1295 4187 1326 4236 ln
1339 4207 1363 4237 ac

291 4265 364 4334 plura
377 4264 458 4318 attulit
468 4263 617 4318 Plutarchus
626 4263 652 4317 in
666 4261 731 4316 libro
741 4273 802 4316 noto
852 4282 945 4334 megne
955 4276 1032 4316 ruunt
1040 4281 1046 4315 z
1053 4262 1116 4320 letis
1126 4262 1194 4317 hunt
1204 4263 1313 4316 numm
1322 4283 1364 4316 rc·
