2990 4942
497 517 815 588 casuram,
864 567 866 574 .
1098 521 1187 612 a,

117 640 238 712 eodem
257 645 316 714 illo
329 645 447 729 vultu,
471 671 539 739 gno
556 647 740 741 aliquando
762 649 853 718 solus
870 647 1009 742 triginta
1027 662 1189 741 tyrannos

115 760 152 827 in
169 759 327 830 ordinem
346 761 563 856 redegerat',
589 786 763 832 carcerem
788 763 944 845 intravit,
966 760 1187 858 ignominiam

115 875 182 967 ipsi
201 875 277 946 loco
291 875 505 947 detracturus
526 904 534 945 :
551 902 664 971 neque
678 879 768 948 enim
782 894 917 973 poterat
930 901 1048 948 carcer
1059 877 1182 966 videri,

115 991 154 1057 in
171 1015 243 1082 qno
262 994 417 1062 Socrates
435 1010 521 1062 erat.
545 995 635 1086 Quis
651 1019 761 1087 usque
782 1019 823 1063 eo
845 994 890 1064 ad
911 995 1184 1089 conspiciendam
1208 1001 1226 1068 l

114 1109 295 1177 veritatem
309 1125 494 1178 excecatus
506 1125 576 1192 est,
598 1125 638 1178 ut
656 1109 875 1203 ignominiam
894 1124 992 1202 putet
1008 1113 1057 1178 M.
1082 1111 1183 1180 Cato-

113 1223 194 1290 nis²
210 1222 316 1292 fixisse
335 1221 506 1318 duplicem
526 1225 563 1292 in
582 1225 748 1318 petitione
765 1240 924 1318 praeturae
937 1241 973 1293 et
990 1226 1185 1296 consulatue

110 1338 317 1432 repulsam?
342 1341 527 1434 ignominia
546 1339 605 1408 illa
631 1356 789 1434 praeturae
813 1357 849 1409 et
875 1341 1068 1409 consulatus
1095 1341 1180 1425 fuit,

110 1453 241 1545 quibus
258 1477 298 1522 er
320 1455 447 1524 Catone
469 1455 579 1524 honor
602 1453 805 1523 habebatur.
827 1457 935 1523 Nemo
954 1453 998 1522 ab
1018 1454 1085 1524 alio
1101 1477 1183 1524 oon-

110 1571 300 1652 temnitur,
322 1573 388 1640 nisi
402 1597 423 1641 a
436 1595 472 1640 se
489 1586 570 1640 ante
587 1587 799 1663 contemptus
813 1586 875 1638 est.
896 1570 1044 1638 Humilis
1056 1587 1090 1638 et
1102 1595 1183 1665 pro-
1289 1587 1293 1593 '

104 1687 222 1778 jactus
239 1687 374 1755 animus
391 1687 432 1755 fit
450 1688 504 1755 isti
524 1685 737 1755 contumeliae
762 1701 975 1780 opportunus
995 1711 1003 1752 :
1025 1687 1181 1778 quivero

106 1799 275 1869 adversus
288 1802 484 1870 saevissimos
500 1825 596 1870 casus
615 1824 654 1870 se.
671 1801 820 1883 extollit,
841 1815 876 1868 et
892 1823 932 1868 es
952 1799 1039 1870 mals
1055 1801 1182 1893 quibus

107 1915 170 1982 alii
185 1919 427 2010 opprimuntur
445 1917 588 1997 evertit,
605 1917 696 2008 ipsas
715 1916 868 1984 miserias
878 1910 1086 1986 infularum³
1102 1915 1179 1986 leco

107 2029 219 2099 hebet
235 2060 244 2099 z
261 2032 399 2125 quando
415 2035 463 2101 its
481 2033 593 2102 affecti
607 2055 740 2112 sumus,
757 2047 795 2100 ut
813 2030 900 2099 nihil
913 2053 1009 2124 seque
1023 2055 1178 2125 magnam

107 2145 206 2239 apud
228 2171 290 2216 nos
315 2145 571 2216 admirationem
599 2161 764 2240 occupet,
794 2169 894 2238 qnam
919 2156 1019 2214 homo
1045 2147 1179 2216 fortiter

107 2264 230 2332 miser.
244 2265 443 2334 Dnoehausr
456 2264 600 2334 Athenis
612 2262 658 2332 sd
676 2263 879 2354 supplicium
895 2259 1085 2332 Aristides⁴
1101 2265 1176 2333 :cui
1201 2289 1216 2341 ⁵

106 2382 267 2474 quiaquia
284 2397 479 2450 occurrerat
493 2379 678 2474 dejiciebat
696 2378 835 2462 oculos,
858 2394 892 2446 et
911 2379 1173 2473 ingemiscebat,

104 2519 178 2564 non
192 2512 352 2589 terimam
368 2495 589 2566 inhominem
599 2496 750 2588 justum,
767 2492 828 2564 scd
841 2509 999 2588 tanquam
1016 2498 1053 2566 in
1067 2499 1173 2591 ipsam

104 2655 186 2730 nopll
198 2657 340 2710 Blensorslt.
361 2655 443 2721 lib-l,
468 2655 613 2731 esp.a,3s,
663 2653 751 2706 ininlis
768 2653 820 2707 vid.
834 2656 914 2729 intpp.
934 2656 965 2709 sd
989 2658 1060 2732 Virg.
1077 2659 1173 2732 Georg.

101 2734 414 2808 abirig'ntatyrannos,
439 2733 616 2807 quornmpri-
663 2730 1049 2808 lib.lll‚vs.478,inpr.Voss.

102 2811 142 2862 sni
149 2809 240 2863 Critias
250 2823 278 2862 et
285 2809 413 2863 Charicles
429 2807 464 2862 ibi
476 2808 614 2862 nominan-
697 2809 720 2875 4.
732 2810 873 2862 Aristides.
893 2813 979 2866 iustus
997 2826 1116 2881 vocatus,
1127 2818 1169 2871 rel

107 2901 169 2954 tus,
184 2888 327 2961 repressisse
339 2899 461 2940 namatus.
664 2905 692 2938 es
705 2885 994 2962 CornelioNep.notns,
1002 2889 1173 2964 placidemor·

142 2965 333 3020 eluendum
342 2966 482 3035 redegerat.
491 2961 551 3017 Vid.
561 2974 614 3015 not.
662 2975 719 3018 tuus
727 2977 776 3032 est,
787 2985 836 3018 nec
846 2966 878 3019 ad
889 2967 1039 3041 supplicium
1047 2969 1108 3023 duci
1119 2971 1173 3042 jus-

104 3041 424 3118 superiorem-Centenius
429 3039 615 3115 panloerplitat
661 3060 717 3110 stu,
729 3054 758 3094 ut
768 3040 872 3116 plurimi
885 3045 1050 3100 tradiderunt.
1064 3048 1125 3101 Fuit
1136 3061 1172 3102 ta·

107 3119 210 3192 Lipsius
220 3119 252 3172 de
264 3119 365 3172 Socrate
376 3119 496 3191 imperata
509 3117 613 3190 triginta
661 3139 721 3172 men
740 3119 789 3174 alia
812 3123 924 3176 narratio
946 3124 974 3177 in
998 3125 1170 3197 Antiquitste,

107 3208 280 3270 tyrannorum
294 3208 439 3268 mente,
459 3214 537 3268 quam
555 3194 578 3248 ei
589 3207 615 3247 et
663 3197 799 3251 Aristidem
814 3199 984 3254 Themistocle
995 3203 1078 3256 exsule
1094 3215 1171 3256 etse-

106 3275 471 3348 qnataanliisinsperassent,
487 3287 517 3327 nt
530 3275 612 3326 leon·
662 3287 777 3328 emtum
788 3277 982 3349 repetundarum
994 3291 1019 3330 et
1035 3276 1169 3332 mulctum

105 3365 160 3406 tau
177 3352 348 3406 Salaminiam
362 3351 613 3423 divitemquerrsdam
662 3351 773 3404 inlonia
790 3351 938 3405 exstinetam
961 3373 1021 3408 esse.
1042 3354 1169 3410 Plutarch.

104 3427 570 3490 Athenasdnearentinterfieiendnmr
581 3431 613 3482 el.
662 3426 765 3484 drusii.
780 3428 811 3482 T.
830 3430 871 3494 ll,
884 3451 908 3501 p.
920 3429 979 3495 540,
991 3431 1097 3499 luith(
1110 3432 1168 3486 Plu·

103 3505 612 3582 Pleton.Apolog.Socrat.p.75,T.l,bip.
662 3504 761 3559 tarelrm
776 3505 827 3580 ipss
847 3519 934 3560 tamen
950 3507 1093 3562 dulrihntes
1114 3509 1168 3564 laec

105 3583 229 3660 Xenopls.
238 3585 304 3638 llist.
315 3583 452 3638 Grenlib·
463 3585 487 3636 ll
497 3621 505 3650 ,
515 3603 568 3657 esp.
579 3583 613 3651 3,
662 3605 691 3639 es
705 3585 809 3638 Cratero
822 3586 962 3640 Macedone
977 3589 1057 3642 affert
1070 3592 1081 3656 )
1094 3590 1167 3643 llanc

99 3661 144 3734 39,
155 3661 202 3714 alti
212 3661 503 3730 Ssbaeiderdmperota
514 3664 609 3730 magis·
660 3661 808 3736 opinionem
815 3677 934 3735 aequatus
943 3666 1082 3720 “assideri
1089 3680 1170 3740 potest

99 3749 189 3792 tratas
203 3757 321 3809 spemere
339 3738 409 3792 nulla
427 3739 524 3792 atione
540 3738 608 3792 idem
658 3738 764 3792 Seneca.
779 3739 879 3814 Lipsius
899 3743 944 3795 illa
968 3743 1103 3798 traditione
1127 3746 1169 3798 vel

100 3816 173 3869 valet
182 3815 253 3886 qnod
265 3833 271 3868 :
282 3820 310 3869 r'rs
318 3819 434 3870 orditam
444 3818 566 3888 redigere.
657 3837 711 3870 nnn
718 3816 907 3887 animadversa,
920 3820 961 3872 vel
971 3822 1094 3894 neglecta,
1104 3823 1169 3876 Pho·

134 3895 299 3949 ancleto.
309 3894 446 3948 Uticensis:
462 3893 609 3949 laetnmltoe
659 3895 758 3950 donem
781 3897 901 3951 admonet
925 3897 967 3951 lrie
997 3917 1048 3952 esse
1072 3899 1170 3952 iatelli-

101 3986 142 4027 eat
158 3971 213 4026 Jnl.
226 3971 325 4027 Curre
337 3971 513 4038 machinante,
531 3991 610 4044 quum
659 3973 791 4048 gendum,
813 3977 906 4050 qnippe
917 3977 949 4029 de
961 3997 1013 4048 qao
1022 3976 1170 4031 Plutarchus

101 4051 224 4104 Vatinius
240 4049 265 4106 el
288 4051 461 4124 pmiersetnr,
476 4049 612 4104 Platereho
661 4051 727 4105 lsaae
740 4052 820 4124 ipsam
833 4073 887 4107 ren
900 4054 990 4108 diaem
1005 4053 1105 4109 undat:
1122 4073 1169 4108 nee

104 4131 134 4184 ia
146 4129 200 4202 ejus
208 4129 261 4183 rita
271 4130 386 4182 docente.
662 4129 824 4184 vehementes
837 4132 998 4205 refragabat,
1021 4151 1100 4202 qnam
1113 4151 1172 4184 nos·

137 4206 163 4259 ³.
174 4206 330 4279 lessies-rem
339 4211 400 4261 lose.
409 4207 427 4258 Ι.
440 4228 461 4260 e.
470 4207 613 4261 ornamenti
653 4208 810 4281 pennum
820 4209 930 4264 lr'ntorie
940 4227 1029 4282 pam
1039 4208 1171 4272 carinum

103 4285 199 4342 mari
211 4285 279 4350 loeo;
299 4285 390 4358 dep.
401 4285 476 4350 xit,
491 4284 558 4338 med.
573 4285 614 4338 De
664 4283 748 4340 tuisse
