2976 4950
426 485 518 552 nm.
546 487 607 571 11,
633 485 740 554 cnr.
768 483 936 550 xxxv.
1149 481 1214 568 405

145 613 292 684 dicimus
311 637 388 681 eum
405 663 415 696 ‚
435 615 495 706 qui
512 615 715 682 beneficium
731 614 821 682 bono
835 616 948 681 animo
967 613 1116 706 aceepit,
1137 635 1217 706 gra-

146 736 228 800 tiam
246 732 400 800 retulisse
420 731 666 800 :nihilominus
682 731 777 800 illum
795 733 832 799 in
848 755 915 800 aere
928 731 1040 799 alieno
1054 731 1216 822 relinqui·

146 872 223 917 mus
234 853 260 934 ¹,
277 851 420 942 gratiam
436 849 634 931 relaturum,
648 849 749 917 etiam
761 873 866 943 quum
877 847 1033 918 retulerit
1041 853 1069 916 ².
1084 849 1215 917 Exhor-
1240 847 1256 901 ³

145 965 229 1031 tatio
242 977 293 1031 est
307 963 377 1044 illu,
391 986 461 1030 non
474 964 634 1032 infitiatio
648 963 807 1032 beneficii
817 955 843 1030 ³.
859 965 911 1030 Ne
925 963 1114 1046 timeamus,
1130 985 1217 1032 neve

148 1067 354 1146 intolerabili
367 1079 498 1147 sarcina
515 1077 667 1174 depressi
681 1080 877 1148 deficiamus
888 1081 1013 1146 animo.
1030 1082 1121 1158 Bona
1131 1078 1216 1146 mibi

148 1196 274 1265 donata
292 1211 392 1279 sunt,
415 1211 450 1264 ct
468 1196 556 1268 bina
572 1195 733 1280 defensa,
756 1193 915 1264 detractae
933 1189 1093 1280 sordes⁴,
1113 1195 1217 1287 spiri-

149 1306 226 1379 tus⁵
243 1328 278 1380 et
296 1311 439 1379 libertas
457 1313 571 1405 potior
588 1313 734 1404 spiritu3
754 1327 788 1380 et
805 1310 974 1405 quomodo
991 1309 1120 1378 referre
1140 1333 1220 1402 gra-
1251 1340 1261 1360 ν

147 1431 232 1499 tiam
248 1429 393 1523 potero?
409 1426 545 1520 quando
566 1428 626 1496 ille
651 1429 767 1496 veniet
789 1427 884 1510 dies,
908 1451 976 1520 quo
997 1427 1049 1494 illi
1068 1427 1219 1494 animum

147 1569 262 1614 meum
282 1542 483 1612 ostendam?
499 1543 557 1612 hic
575 1545 649 1638 ipse
672 1559 748 1629 est,
773 1569 841 1635 quo
860 1544 920 1644 ille
940 1567 1037 1612 suum
1056 1541 1215 1611 ostendit.

144 1662 270 1754 Excipe
289 1659 506 1743 beneficium,
524 1658 714 1753 amplexare
725 1652 752 1741 ⁶,
775 1659 886 1754 gaude
910 1685 919 1726 ε
937 1683 1006 1727 non
1019 1657 1112 1750 quod
1126 1658 1217 1725 acci-

146 1779 242 1870 pias,
270 1777 330 1844 sed
355 1777 448 1868 quod
470 1775 591 1844 reddas
604 1772 638 1856 Γ,
665 1774 908 1868 debiturusque
928 1775 987 1842 sis.
1011 1777 1088 1842 Non
1108 1772 1219 1841 adibis
1245 1771 1262 1836 4

148 1909 217 1960 tam
242 1915 371 1986 magnae
391 1893 441 1959 rei
459 1891 670 1984 perieulum,
693 1908 732 1959 ut
747 1915 845 1959 casus
863 1893 1033 1984 ingratum
1056 1890 1168 1956 faeere
1186 1904 1219 1955 te

147 2011 266 2104 possit.
283 2008 399 2076 Nullas
415 2009 478 2077 tibi
496 2031 683 2101 proponam
697 2005 932 2090 difficultates,
949 2029 993 2074 ne
1010 2004 1219 2098 despondeas

147 2124 283 2204 animo,
303 2145 346 2188 ne
365 2119 518 2190 laborum
535 2145 575 2189 ac
587 2122 696 2214 longae
710 2122 882 2189 seruitutis
898 2121 1144 2213 exspectatione
1160 2117 1220 2184 de-

148 2239 264 2325 liciaa3
284 2261 353 2305 non
373 2237 492 2305 differo
512 2232 570 2305 tel
592 2265 600 2303 ι
627 2235 669 2306 de
687 2238 910 2331 praesentibus
938 2238 1009 2304 fiat.
1037 2239 1218 2326 Nunquam

146 2356 217 2422 eris
236 2369 373 2448 gratus,
393 2355 461 2422 nisi
480 2356 594 2422 statim
608 2355 666 2422 sis.
688 2351 784 2446 Quid
798 2377 880 2446 ergo
900 2352 1026 2420 lucica?
1038 2376 1109 2419 non
1124 2375 1216 2418 arma

146 2469 309 2538 sumendo
328 2485 408 2536 sunt
419 2496 427 2535 ι
440 2485 475 2536 et
491 2470 631 2538 fortasse
644 2473 778 2537 erunti.
795 2473 871 2536 Non
886 2470 990 2536 maria
1007 2469 1215 2536 emetienda:

182 2711 204 2745 ι.
219 2693 256 2746 In
268 2713 319 2746 oert
331 2697 417 2747 alieno
426 2697 604 2761 relinquimus.
619 2694 658 2746 Ab
738 2674 763 2750 d.
775 2695 905 2764 Excipe...
919 2697 1082 2763 amplexare.
1094 2693 1215 2747 Gradatio

114 2777 116 2782 '
144 2767 286 2821 aerealieno
298 2769 500 2822 nonliberamus.
509 2769 657 2822 Debitorem
706 2774 817 2826 notanda
835 2773 966 2826 inverbis.
984 2772 1104 2825 Oblatum
1124 2793 1216 2824 munus

144 2846 335 2920 obligatumque
347 2849 494 2921 linquimus.
705 2871 737 2903 ne
745 2872 845 2925 sperne,
856 2853 899 2904 sed
909 2851 986 2904 sinito
999 2850 1030 2901 ed
1042 2863 1064 2901 te
1077 2850 1176 2915 venire,
1192 2863 1216 2902 et

180 2949 203 2980 a.
211 2927 302 2980 Etiam
311 2949 393 2998 quum
400 2932 519 2982 retulerit.
529 2928 654 2981 Omnium
702 2951 781 2984 manu
793 2932 914 3007 excipito;
929 2930 988 2983 dein
1002 2929 1141 3000 amplexare
1153 2929 1216 2979 bre-

144 3003 221 3057 codd.
234 3018 278 3057 est.
290 3009 372 3058 Antea
385 3023 391 3058 :
403 3007 551 3058 reddideril.
704 3009 778 3064 chiis.

178 3082 201 3134 3.
215 3083 523 3156 Exhortatio...beneficii.
536 3087 595 3138 Non
607 3085 655 3140 boc
736 3107 760 3150 ⁷·
782 3087 863 3160 Quod
876 3092 980 3142 reddas.
1000 3089 1092 3141 Melius
1107 3090 1214 3142 omnino

143 3181 175 3214 eo
187 3161 293 3215 consilio
312 3161 436 3226 dicimus,
451 3175 479 3214 nt
495 3162 578 3217 honor
594 3184 655 3219 suus
703 3163 830 3217 videretur
841 3169 925 3220 ferun
940 3169 1008 3238 qnod
1022 3169 1168 3222 redditums
1186 3181 1214 3222 ut

142 3240 653 3318 benefieiisdetrabatur,atquegrntiarum
703 3261 762 3294 mox
784 3245 964 3312 debitumque
983 3250 1030 3299 sis.
1059 3247 1212 3320 Perperene,

142 3322 210 3374 actio
228 3322 401 3390 diminuatur,
418 3325 461 3377 sed
480 3337 507 3376 ut
521 3328 552 3379 ad
570 3327 653 3379 danda
703 3341 785 3391 neque
796 3341 824 3374 ex
831 3323 1024 3396 praecedentium
1034 3325 1165 3377 sententia.
1175 3325 1213 3376 Eo

142 3398 321 3471 accipiendave
340 3397 463 3453 beneficia
483 3401 653 3456 adhortemur.
703 3418 792 3472 nempe
805 3413 977 3473 temporeque
989 3402 1087 3474 recipis,
1099 3421 1151 3453 non
1163 3401 1213 3472 iem

141 3479 264 3548 Irfitiuri
274 3490 311 3531 est
321 3479 443 3532 creditum
454 3482 577 3550 fraudare,
586 3482 653 3534 ideo·
702 3478 846 3532 redditurus
859 3499 903 3544 es,
915 3479 960 3530 sed
974 3479 1107 3531 reddidisti
1118 3492 1142 3530 et
1150 3479 1214 3531 red-

142 3575 193 3626 que
204 3554 385 3609 beneficiorum
395 3559 565 3630 acceptionem
579 3581 654 3634 nega·
703 3557 758 3618 dis.
777 3578 856 3628 quum
874 3557 1023 3611 bocenimo
1040 3557 1212 3631 accipiasque

142 3651 180 3684 re.
192 3632 360 3708 Cs.Fe⁸tusp.
370 3635 471 3701 demde.
484 3636 596 3690 Godol'r.
605 3640 654 3692 lta-
702 3635 745 3687 ille
758 3635 844 3701 dedit,·
859 3635 989 3688 debiturus
999 3649 1083 3688 tamen
1095 3656 1120 3687 es
1131 3675 1139 3703 ‚
1160 3655 1212 3688 oon

143 3733 193 3782 qne
203 3732 255 3766 non
267 3733 330 3786 opus
341 3729 385 3780 est,
395 3729 423 3768 nt
431 3717 559 3770 beneficiis
569 3737 655 3791 accep-
703 3711 855 3767 beneficium
866 3715 986 3785 quidem,
999 3715 1042 3766 ted
1053 3733 1115 3765 rem·

141 3789 175 3842 tis
186 3789 336 3856 timeamus,
348 3805 393 3846 etc.
736 3791 759 3842 8·
771 3789 833 3842 Nou
853 3792 946 3864 diffem
963 3802 994 3845 te.
1011 3791 1102 3844 Gallie.
1123 3801 1211 3844 verte:

176 3867 199 3932 4.
207 3867 337 3922 Detracta
346 3873 443 3935 sordes,
451 3883 654 3925 sesmeremotus.
705 3890 719 3916 s
729 3869 765 3923 Je
776 3889 808 3922 ne
816 3881 841 3923 te
852 3880 944 3924 nmetr
950 3889 1009 3940 pos.
1021 3891 1035 3916 u

141 3945 211 4000 Reos
227 3946 297 3998 enim
315 3947 403 4004 Rome
419 3948 528 4002 vestibus
546 3951 653 4004 sordidis
734 3967 759 4018 9.
772 3947 834 4000 Non
843 3949 1058 4003 erutusumeude
1060 3982 1110 3998 ......
1128 3954 1210 3999 eruut.

143 4023 227 4076 luctus
240 4045 314 4088 causa
332 4026 408 4080 luisse
429 4027 530 4080 indotos
550 4041 653 4082 constat.
703 4026 782 4077 Arma
805 4026 871 4078 sumi
895 4025 1062 4080 necessarium
1083 4043 1135 4076 non
1158 4034 1211 4086 est,

143 4099 188 4152 sie
199 4100 265 4154 inlrn
282 4101 334 4165 IV,
352 4123 397 4166 ια,
411 4103 434 4156 3.
703 4122 848 4174 quanquam
861 4116 884 4156 et
892 4104 920 4156 id
931 4102 1047 4176 possibile
1055 4114 1098 4154 est.
1107 4101 1216 4153 Sumen·

177 4182 200 4232 5.
212 4180 328 4248 Spiritus
342 4181 357 4234 i.
371 4205 393 4234 e.
405 4183 461 4236 vita,
473 4183 655 4258 Suppldeien·
704 4193 753 4245 tur,
766 4203 817 4236 non
829 4197 968 4251 sumantur,
982 4182 1030 4235 boc
1042 4181 1107 4234 nibil
1120 4179 1194 4232 refert

143 4277 185 4310 sus
198 4295 206 4325 ,
218 4271 260 4310 aut
272 4259 386 4312 donatus.
706 4281 787 4332 neque
800 4263 830 4317 de
847 4263 943 4318 tantulo
959 4283 997 4316 res
1014 4275 1056 4315 est.
