2954 4926
281 384 346 454 56⁸
609 386 679 455 DE
702 388 1011 457 BENEFlCllS

237 583 251 614 ²
278 516 440 586 denarius
451 523 476 603 ¹,
498 542 601 613 quem
616 519 784 588 barbarus
801 536 835 588 et
851 521 995 614 ignarus
1009 520 1123 590 iormoe
1138 519 1286 615 pubiioae
1299 547 1358 592 re-

273 631 370 724 jecit.
388 630 595 702 Beneficium
613 648 648 702 et
663 631 753 715 odit,
770 649 804 701 et
816 634 949 727 accepit
965 683 974 716 ‚
990 635 1019 704 si
1034 633 1134 703 modo
1148 634 1185 702 id
1196 634 1351 727 prodest,

277 747 305 812 si
318 747 348 813 is
361 748 421 838 qui
433 747 534 816 dabat
546 800 555 830 ‚
568 765 607 816 ut
619 749 798 842 prodesset
812 748 927 832 dedit3
945 750 1033 822 nihil
1052 752 1158 819 refert
1168 775 1214 818 an
1227 751 1353 820 bonum

276 885 349 929 rem
366 862 453 930 malo
470 865 582 930 animo
599 865 679 956 quis,
693 865 852 958 accipiat.
872 864 1052 961 Agedum,
1075 867 1142 936 boe
1156 869 1194 933 in
1209 883 1358 936 contm*

276 979 365 1047 rium
381 995 486 1047 verte.
501 979 583 1050 Odit
598 981 738 1049 fratrem
748 1006 863 1066 snum,
877 1008 978 1075 quem
992 984 1042 1053 illi
1056 983 1194 1078 expedit
1206 982 1350 1052 babere:

276 1097 369 1166 hunc
387 1121 451 1191 ego
470 1097 598 1185 occidi3
615 1123 685 1166 non
703 1115 755 1168 est
773 1099 1000 1184 beneficium,
1018 1103 1173 1194 quamvis
1188 1101 1250 1170 ille
1263 1100 1353 1168 diost

276 1235 370 1296 esse,
390 1230 424 1280 et
439 1212 596 1306 gaudeat.
616 1213 876 1284 Insidiosissime
896 1231 1022 1298 nocet,
1039 1218 1096 1288 cui
1113 1218 1234 1310 gretiae
1247 1241 1352 1310 agun-

276 1344 332 1399 tur
348 1352 412 1422 pro
430 1329 568 1422 injuria.
588 1329 710 1399 Video.
726 1330 868 1400 Prodest
881 1331 997 1424 aliqua
1011 1357 1088 1414 res,
1105 1348 1141 1401 et
1154 1333 1234 1402 ideo
1247 1331 1352 1400 bene·

275 1443 389 1514 ficium
402 1460 453 1513 est
470 1473 477 1511 :
495 1461 616 1530 nocet,
629 1462 663 1514 et
677 1447 754 1519 ideo
768 1472 836 1518 non
851 1464 901 1517 est
909 1448 1129 1518 beneficium.
1143 1451 1245 1528 Eece,
1260 1447 1354 1540 quod

273 1585 339 1632 nec
358 1563 483 1654 prosit,
505 1587 569 1632 nec
583 1579 703 1632 noceat
713 1614 724 1648 ‚
742 1563 830 1633 dabo
848 1592 856 1632 ι
874 1581 909 1634 et
929 1583 1041 1635 tamen
1056 1565 1265 1634 beneficium
1286 1583 1350 1633 est.

271 1681 406 1748 Putrem
423 1678 567 1772 alicujus
583 1681 620 1750 in
637 1682 819 1754 solitudine
845 1685 1031 1754 exanimem
1054 1685 1193 1766 inveni,
1223 1707 1352 1776 corpus

163 1875 169 1888 ι
272 1797 347 1889 ojus
359 1797 520 1890 sepelivi:
536 1821 599 1866 nec
616 1799 681 1890 ipsi
693 1799 807 1892 profui
822 1803 835 1832 ²
849 1828 860 1885 3
874 1800 960 1891 quid
973 1801 1062 1869 enim
1082 1799 1174 1868 illius
1188 1801 1354 1868 intererat

272 1935 340 2002 quo
359 1934 485 2007 genere
507 1907 770 1981 dilaberetur⁵P
789 1937 853 1981 nec
870 1913 942 1981 filio
961 1904 970 1998 3¹
988 1911 1074 2005 quid
1091 1913 1182 1980 enim
1202 1937 1268 2005 per
1286 1913 1353 1979 boc

271 2027 438 2096 commodi
451 2031 592 2098 accessit
605 2030 655 2097 illi
669 2031 809 2098 i'Dicam
825 2029 910 2122 quid
924 2045 1126 2100 consecutus
1134 2031 1177 2097 sit
1193 2057 1201 2095 :
1219 2025 1351 2097 ‘officio

271 2144 412 2212 solemni
432 2161 465 2212 et
480 2147 678 2220 ,necessario
695 2169 758 2239 per
780 2171 833 2213 me
853 2147 989 2215 functus
1008 2125 1071 2215 est.
1091 2125 1240 2218 Praestiti
1259 2148 1350 2238 patri

271 2262 364 2354 ejus,
382 2261 474 2354 quod
488 2264 560 2356 ipse
574 2277 735 2356 prestere
748 2263 906 2332 voluisset
922 2313 932 2346 ‚
949 2288 1096 2332 necnon
1110 2279 1143 2331 et
1158 2261 1360 2356 debuisset.⁴

309 2451 329 2483 ι.
346 2433 489 2484 Donatius.
508 2433 635 2486 Nummus
651 2447 784 2504 argenteus
836 2435 946 2509 Archyta
957 2453 963 2490 :
975 2457 988 2482 s
1001 2437 1035 2488 At
1053 2448 1098 2499 tn,
1116 2447 1208 2500 nanta,
1226 2417 1300 2505 reg:
1317 2453 1350 2484 ne

271 2511 320 2564 fuit
330 2511 375 2582 qul
390 2510 422 2562 td
434 2529 529 2568 sunum
543 2510 619 2564 Urbis
630 2512 723 2566 condit.
735 2512 785 2570 535
833 2533 906 2586 parce
919 2513 1047 2588 malignus
1060 2531 1144 2566 arene
1154 2511 1262 2567 Ossibus
1272 2523 1296 2562 et
1307 2529 1350 2563 ts-

273 2590 354 2682 denos
371 2609 440 2682 asses
450 2589 560 2682 tonavit
571 2608 578 2650 ;
593 2602 616 2640 at
630 2601 715 2681 ppstes
724 2607 785 2642 ser·
833 2591 878 2682 piti
889 2592 1022 2644 inhumato
1034 2590 1187 2680 particulam
1196 2591 1265 2678 dure.
1274 2610 1287 2634 ν
1296 2589 1350 2642 sed

272 2670 355 2722 decim
372 2682 506 2722 tontrnurt.
523 2669 640 2737 Quattuor
652 2683 784 2742 rgrturse-
833 2671 1041 2722 ruterRomenos
1055 2670 1105 2740 jam
1120 2668 1210 2736 Cicero
1229 2687 1258 2718 ιιι
1277 2668 1351 2721 Orat.

272 2747 350 2800 stertii
361 2747 534 2800 inhacerant
545 2747 691 2800 Nostrarum
701 2769 783 2820 poru-
832 2767 877 2819 pro
886 2746 977 2800 Roscio
990 2748 1169 2826 Amerinusd,
1177 2746 1281 2820 publice
1294 2745 1351 2802 hae

273 2825 374 2878 nitrum
387 2838 449 2878 esset
461 2828 512 2878 lere
525 2827 623 2878 osr.81
639 2845 660 2876 c.
833 2825 914 2877 ridere
926 2845 979 2877 non
992 2825 1125 2878 dubitavit.

306 2925 329 2955 n.
342 2903 398 2956 Nec
408 2907 461 2972 ipsi
463 2903 567 2975 profui:
578 2923 636 2955 nem
647 2916 730 2956 noster
737 2923 783 2958 ιω·

273 2985 331 3058 pins
349 2985 398 3056 jam
419 2983 580 3050 declaravit,
604 3005 629 3037 se
651 2987 781 3058 repudiare

273 3083 361 3115 omnes
373 3062 427 3116 illus
438 3063 534 3116 subulas
545 3077 618 3134 atque
631 3064 783 3137 superstitio·

274 3161 336 3194 num
351 3154 493 3194 commenta
511 3141 542 3194 de
554 3141 669 3194 manibus
681 3163 782 3196 eorum-

274 3238 324 3289 que
336 3237 418 3270 errore
428 3218 492 3270 circa
504 3219 623 3290 Stygem,
638 3220 720 3272 donee
738 3239 783 3271 se-

272 3293 420 3366 pelirentur.
435 3295 504 3362 Quas
524 3309 607 3350 tsmm
627 3296 712 3351 nullus
729 3317 781 3348 non

273 3384 346 3442 poeta
371 3371 494 3425 ‹lecantat
519 3373 623 3426 Homer.
646 3375 782 3447 inprimis,

275 3449 349 3506 Iliad.
361 3451 379 3520 ψ
391 3467 397 3502 :
409 3454 490 3504 Θάπτι
500 3474 525 3517 pr
537 3453 584 3504 ὅττι
595 3455 695 3520 τάχιστα
708 3453 784 3516 ordisse

272 3523 351 3582 ittae
362 3541 462 3598 περῆσαι
475 3532 539 3584 ‘rste'
548 3553 572 3596 pr
584 3533 696 3598 εἴργουσιν
707 3533 783 3601 ψυχαὶ

275 3611 361 3663 εἴδωλα
373 3610 505 3678 καμόντων,
517 3611 581 3662 Οὗδί
592 3612 619 3677 μ’
629 3633 678 3668 ποις
689 3612 782 3678 puopin-

275 3693 312 3741 θαι
332 3691 394 3758 imip
412 3699 528 3755 ποταμοῖο
546 3690 621 3740 laets·
635 3679 693 3740 dll'
708 3689 783 3749 αὔτως

174 3775 179 3786 ’
193 3823 197 3836 .
274 3769 389 3832 ἀλάλημαι
400 3767 436 3818 ἀν’
449 3769 575 3834 sipvnullq
588 3753 662 3826 di'dog
675 3767 716 3818 δό.
729 3765 784 3819 ΓΔ-

275 3843 329 3896 tull.
340 3843 415 3900 simil.
427 3843 454 3894 in
468 3843 554 3895 Ariad.
566 3865 578 3890 s
589 3844 640 3895 Pro
652 3865 704 3915 quo
714 3843 784 3896 dils-

275 3921 382 3978 rerands
393 3923 454 3973 seris
465 3921 544 3974 dabor
558 3922 710 3992 alitibusque
719 3922 784 3976 Ρη·

274 3998 323 4061 ds,
349 4021 395 4054 nec
413 4001 504 4072 injecta
526 4000 669 4054 tumulsbor
688 4014 787 4053 mortus

276 4091 364 4130 terra.»
377 4078 450 4149 Virg.
461 4079 674 4149 quoqueAEneid.
686 4079 729 4130 lib.
739 4078 786 4142 Vl,

276 4170 299 4208 et
310 4157 396 4210 Horat.
406 4159 489 4211 carm.
501 4158 632 4222 lib.1‚od.
643 4173 745 4221 xxt'ttt,
755 4157 785 4210 de

866 2903 889 2956 3.
895 2905 955 2975 Quo
962 2905 1242 2972 gmeredilab.l.e.qna
1251 2901 1350 2953 ratione

832 2985 991 3040 deluderetur
1005 2983 1032 3036 in
1047 2983 1227 3057 pulverem·-
1236 2981 1352 3034 Dttabr-

833 3073 903 3116 retnr
918 3083 977 3114 vero
997 3071 1034 3116 est
1047 3061 1199 3121 solveretur,
1212 3061 1240 3112 in
1251 3060 1351 3112 eineres

833 3154 856 3194 et
868 3141 996 3214 fragmine
1008 3141 1142 3192 recederet.
1153 3138 1248 3191 Gallie.
1258 3156 1287 3189 se
1293 3139 1351 3188 dta-

831 3219 1051 3288 sem-Namque
1060 3215 1135 3278 mori,
1141 3215 1184 3268 vel
1189 3215 1271 3288 perire
1281 3213 1350 3265 nibil

832 3297 901 3350 aliud
912 3310 948 3350 est
960 3316 1037 3368 qnam
1050 3295 1158 3367 pestium
1171 3293 1313 3365 segregatio
1324 3306 1350 3344 et

833 3374 968 3446 disjunctio
979 3386 1075 3444 quae,ut
1083 3386 1140 3426 ante
1149 3372 1253 3424 exitium
1261 3385 1285 3422 et
1294 3384 1351 3442 post

833 3453 1168 3524 exitiumexstant‚manent‚
1176 3449 1350 3512 imminuet

833 3551 901 3594 non,
911 3530 1027 3603 utprius,
1036 3527 1158 3603 copnlstte
1168 3541 1351 3601 coaptataeque.

834 3608 927 3660 Trabes
950 3627 1003 3660 non
1026 3607 1139 3679 periere,
1167 3605 1241 3678 periit
1262 3618 1351 3660 tamen

833 3708 974 3760 compages.
982 3689 1074 3759 Virgil-
1083 3688 1178 3760 optime
1187 3687 1297 3759 erplicst
1306 3685 1348 3742 bis

833 3767 922 3819 versib.
932 3766 1038 3818 AEneid.
1049 3767 1092 3818 lib.
1104 3767 1140 3816 Vl
1152 3783 1158 3817 ι
1169 3765 1350 3834 «penitusque

834 3863 932 3898 neeesse
943 3857 979 3896 est
990 3844 1070 3896 Multa
1080 3844 1126 3896 diu
1138 3856 1255 3896 concreta
1264 3841 1349 3894 modis

834 3923 972 3975 inolescere
985 3921 1066 3974 miris.
1074 3945 1087 3969 ι

867 4003 890 4067 4.
904 4000 1006 4072 Officio.
1018 3999 1142 4054 Officium
1153 4000 1222 4052 enim
1235 3999 1351 4052 hocerat

835 4092 1005 4144 consuetum,
1028 4092 1051 4132 et
1067 4079 1223 4132 humanitate
1242 4077 1351 4134 cuilibet

836 4153 988 4228 impositum.
