2976 4944
482 441 659 510 CAPUT
683 443 735 508 II.
1110 465 1140 506 ιι

84 572 284 638 incurrentia
291 571 470 639 attollitur.
484 570 608 640 Omnia
617 568 759 639 adversa
769 569 1026 638 exercitationes
1033 583 1145 660 putat.

84 689 162 779 Quis
177 703 316 772 autem,
338 690 392 756 vir
414 685 513 756 modo
537 702 573 754 et
597 703 731 756 enectus
755 685 800 754 od
821 687 985 765 honesta,
1007 701 1150 755 nonest

85 803 375 898 laborisappetens
379 804 463 896 justi
475 802 566 872 etad
575 803 689 874 officia
698 827 776 872 cum
785 803 943 896 periculo
950 803 1150 896 promptus?

86 920 142 988 Cui
159 943 229 988 non
246 918 453 988 industrioso
470 919 574 988 otium
590 940 692 1012 poeua
710 919 784 986 est?
798 917 953 986 Athletas
973 905 1147 999 videmus,

87 1036 201 1128 quibus
217 1037 345 1104 virium
359 1061 442 1104 curs
450 1052 523 1118 est,
538 1061 615 1104 cun
630 1035 820 1105 fortissimis
830 1035 1024 1128 quibusque
1038 1035 1154 1104 oonlli·

86 1154 363 1246 gere,etexigere
371 1152 488 1233 abhis,
498 1175 562 1244 pec
571 1175 657 1243 quos
667 1151 844 1220 certamini
853 1165 1103 1244 preparantur,
1115 1167 1154 1218 ut

85 1272 154 1338 totis
167 1286 291 1338 contra
302 1271 393 1362 ipsos
410 1267 543 1337 viribus
552 1283 705 1336 utuntur.
727 1267 821 1337 Caedi
836 1289 873 1338 se
887 1269 1074 1360 vexarique
1088 1291 1153 1362 ps-

83 1387 223 1471 tinntur3
235 1401 285 1468 et,
299 1387 405 1454 sinon
414 1385 596 1452 inveniunt
602 1382 756 1477 singulos
762 1405 875 1477 peres,
886 1382 1153 1475 pluribussimul

82 1499 300 1591 objiciuntur.
322 1502 454 1567 Marcet
471 1499 546 1566 sine
561 1497 756 1567 adversario
770 1498 900 1583 virtus3
920 1513 1001 1566 usne
1013 1513 1156 1591 apparet

82 1633 202 1708 quanta
221 1618 290 1699 sit,
307 1631 470 1708 quantum
486 1615 616 1698 voleat,
637 1629 873 1707 quantumque
889 1614 1034 1708 polleat,
1049 1639 1155 1708 quum
1177 1629 1179 1635 ’

84 1733 160 1826 quid
177 1735 309 1827 possit,
332 1733 498 1825 patientia
522 1730 681 1800 ostendit.
708 1731 802 1800 Scias
827 1731 929 1812 lieet,
955 1729 1045 1800 idem
1073 1733 1156 1800 viris

84 1851 176 1919 bonis
199 1874 277 1918 esse
300 1847 517 1931 faciendum,
540 1863 578 1916 ut
599 1847 685 1916 dura
710 1871 750 1914 ac
778 1844 933 1914 difficilia
958 1871 1027 1916 non
1048 1848 1158 1915 refor-

86 1968 232 2048 mident‚
249 1992 316 2036 nec
331 1965 374 2034 de
391 1967 461 2034 lato
475 1982 664 2058 querantur
677 1969 685 2000 ¹
705 1991 712 2031 :
728 1964 899 2057 quidquid
913 1965 1061 2048 accidit,
1076 1965 1158 2034 boni

86 2083 261 2151 consulant
276 2088 303 2165 ¹,
321 2084 358 2149 in
376 2083 503 2150 bonum
524 2097 669 2150 vertant.
691 2084 767 2149 Non
786 2080 893 2173 quid,
915 2081 975 2149 sed
996 2081 1160 2176 quemad-

87 2198 220 2268 modum
231 2190 358 2280 ferns³,
374 2198 529 2266 interest.
546 2201 622 2266 Non
632 2196 728 2267 vides
741 2214 869 2289 quanto
883 2193 1008 2266 aliter⁴
1024 2214 1155 2290 patres,

86 2317 182 2383 aliter
204 2330 331 2382 matres
351 2313 580 2408 indulgeant?
599 2313 649 2380 illi
666 2315 807 2382 excitari
821 2314 946 2406 jubent
971 2312 1098 2386 liberos
1116 2312 1161 2380 sd

85 2428 194 2498 studia
211 2429 372 2499 obeunda
390 2447 544 2513 mature,
568 2430 696 2500 feristis
714 2454 850 2523 quoque
869 2429 991 2498 diebus
1011 2454 1079 2500 non
1099 2453 1160 2522 pa-

85 2551 215 2615 tiuntur
229 2571 304 2615 esse
323 2548 468 2628 otiosos,
496 2564 530 2615 et
546 2539 727 2616 sudorem⁵
750 2549 839 2630 illis,
867 2563 901 2614 et
917 2547 1091 2616 interdum
1111 2548 1161 2614 la-

84 2668 227 2746 crimas,
252 2664 428 2732 excutiunt
447 2681 506 2732 :at
526 2681 651 2732 matres
674 2663 789 2732 lovere
807 2666 844 2732 in
864 2665 962 2746 sinu,
983 2665 1159 2736 continere

84 2784 119 2847 in
144 2780 270 2848 umbra
295 2778 437 2866 volunt3
468 2805 643 2874 nunquam
673 2781 778 2862 flere,
807 2805 981 2872 nunquam
1007 2782 1156 2864 tustani,

86 2921 259 2988 nunquam
273 2895 441 2964 laborare.
455 2898 607 2966 Patrium
623 2893 635 2932 ⁶
655 2895 760 2964 habet
773 2898 866 2966 Deus
878 2895 1041 2966 advorsus
1053 2898 1160 2966 bonos
1187 2921 1201 2986 ‚4

86 3013 175 3080 viros
193 3013 368 3096 animum,
398 3029 432 3080 et
451 3013 527 3082 illos
547 3013 680 3080 sortiter
700 3029 789 3079 amat
813 3039 820 3077 :
847 3028 902 3094 et,
928 3013 1156 3106 «Operibus,

92 3157 105 3188 s
127 3129 262 3220 inquit,
289 3127 485 3211 doloribus,
508 3154 548 3197 uc
570 3128 701 3198 damnis
720 3130 958 3222 exagitentur,
980 3145 1018 3196 ut
1042 3153 1159 3198 verum

121 3317 141 3351 ι.
153 3298 207 3350 Nee
222 3300 257 3352 de
265 3299 330 3370 suto
348 3311 498 3368 quemnenr.
519 3301 599 3352 Porro
649 3311 704 3352 teve
712 3298 1023 3364 immundanum,
1033 3299 1161 3370 namquid

87 3395 115 3426 es
130 3389 167 3428 est
183 3376 342 3430 consuetudo
357 3377 517 3444 mortalium,
532 3390 560 3428 ut
578 3377 600 3429 si
649 3376 761 3430 accidere
773 3397 827 3430 non
841 3374 939 3450 potest?
953 3377 1057 3430 verbera
1069 3390 1162 3430 eteru-

86 3453 148 3522 quiul
165 3473 237 3508 secus
256 3456 383 3518 evenerit,
399 3457 498 3518 settim,
516 3466 579 3508 setes
592 3490 607 3519 ‚¹
650 3455 726 3506 sistus
740 3467 764 3506 ct
775 3455 903 3506 admotam
915 3453 1016 3528 publice
1030 3475 1128 3508 necem.

87 3533 155 3586 Deos
166 3574 174 3600 ,
187 3535 342 3604 εἱμαρμένην,
355 3555 408 3588 uon
426 3554 452 3586 se
463 3534 598 3597 innitent,
682 3532 707 3595 4.
716 3532 810 3584 Aliter.
830 3531 881 3584 Pro
899 3534 1074 3585 dissimiliter.
1095 3533 1161 3585 llere

85 3613 116 3664 ab
131 3613 278 3666 homiuibm
290 3633 388 3686 semper
400 3614 499 3686 culpem
510 3613 540 3666 in
554 3631 601 3664 ne·
649 3607 698 3661 hoc
708 3627 785 3662 seusu
801 3630 850 3662 vox
872 3610 938 3684 eputl
951 3611 1026 3665 bonae
1039 3625 1106 3665 notu
1117 3611 1163 3664 bo-

85 3691 151 3760 gotia
161 3694 347 3746 transferentes.
356 3692 416 3744 vit.
428 3691 529 3746 Sallust
540 3690 599 3750 bell,
649 3688 726 3758 nique
738 3687 787 3740 aevi
798 3687 939 3758 scriptores.

85 3769 203 3840 sugunt.
216 3791 270 3844 cap.
285 3791 311 3832 ι,
326 3768 372 3824 lin.
682 3766 848 3822 sonorem.
857 3759 1163 3842 Exercitationilsusgym·

117 3867 142 3898 a.
152 3846 225 3900 Boni
230 3851 425 3902 consulantne
433 3847 599 3902 consilientur
647 3846 713 3900 uicis
725 3846 859 3920 opponitur
873 3847 914 3902 hic
925 3850 1020 3902 umbra
1032 3885 1039 3914 ,
1052 3849 1089 3901 uti
1097 3849 1163 3922 apud

86 3934 113 3973 ut
130 3925 208 3976 etiam
223 3946 237 3978 e
255 3946 283 3977 re
299 3926 368 3978 mals
387 3925 484 3978 bonum
501 3925 598 3997 aliquid
649 3925 765 3980 Ciceron.
779 3925 850 3980 Brut.
862 3947 915 3998 esp.
928 3949 959 3999 9,
971 3931 1134 3984 umbracula.

84 4001 188 4054 exsiliat.
203 4001 344 4056 Comuiere
359 4001 429 4056 idem
443 4015 479 4055 est
494 4022 524 4056 sc
534 4023 600 4058 cou-
682 4003 853 4058 &Patrium
869 4007 926 4060 Hoc
939 4019 992 4070 est,
1012 4021 1162 4082 paternum,

85 4080 174 4132 sileiem
184 4099 286 4147 cupere.
650 4085 699 4138 κατ’
711 4087 826 4138 &mittens
845 4083 1013 4158 indulgentia
1025 4085 1085 4138 huic
1104 4106 1163 4138 ms·

118 4157 142 4206 3.
159 4155 599 4232 Quid...sems.0rl›itatem‚v.g.
650 4173 752 4226 terum,
775 4181 826 4231 qua
850 4162 960 4216 nimium
980 4175 1076 4214 umatus
1101 4183 1164 4236 puer

86 4245 128 4284 sut
139 4247 288 4308 egestatem,
296 4247 339 4287 unt
349 4236 598 4310 contumeliasinjus·
650 4237 779 4290 emollitur
790 4237 882 4292 sensim
894 4240 1100 4312 ‹leprassturque
