2978 4942
305 401 373 492 514
648 383 719 472 1ln
740 401 1046 474 reuertens

305 538 377 618 ire,
405 559 473 630 qua
492 533 587 604 ducit
605 537 677 606 veri
704 534 901 605 similitudo.
920 535 1033 606 Omne
1053 535 1119 604 hnc
1143 536 1197 606 vin
1224 537 1378 630 procedit

304 651 470 720 officium*
485 679 494 736 3
511 651 562 718 sic
575 649 736 732 serimus,
751 651 800 718 sic
813 651 1032 745 navigamus,
1048 653 1096 720 sic
1111 652 1313 736 militamus,
1331 655 1379 722 sic

303 788 425 835 uxores
438 761 610 847 ducimus,
627 764 676 832 sic
692 763 819 832 liberos
834 763 982 834 tollimus
1001 792 1009 832 :
1030 789 1136 858 quum
1150 765 1303 834 omnium
1316 766 1378 834 ho-

261 883 277 942 3
304 906 378 951 rum
398 884 549 950 incertus
562 881 608 949 sit
628 897 782 949 eventus.
810 879 866 950 Ad
880 905 920 950 eo
932 879 1174 968 accedimus',
1190 879 1234 952 de
1255 883 1379 975 quibus

300 997 391 1067 bene
405 995 612 1092 sperandum
627 1020 701 1066 esse
720 996 902 1067 eredimne
921 997 1012 1090 Quis
1029 1000 1120 1068 enim
1137 998 1320 1093 pollicetur
1332 1023 1379 1068 se

301 1115 390 1182 renti
407 1128 608 1208 proventum
620 1165 633 1201 ,
647 1115 822 1208 naviganti
835 1129 972 1207 portum
986 1165 995 1198 ‚
1013 1116 1172 1186 militanti
1186 1116 1375 1199 victoriam,

300 1232 421 1299 marito
438 1228 596 1326 pudicam
616 1253 778 1313 uxorem,
806 1232 896 1324 patri
921 1231 996 1326 pios
1019 1232 1177 1302 liberos?
1195 1232 1378 1324 Sequimur

299 1371 367 1442 qun
392 1351 513 1432 ratio,
543 1369 610 1414 non
637 1370 704 1439 quo
730 1349 856 1416 veritus
874 1349 981 1418 trahit
1000 1339 1025 1414 ⁵.
1051 1329 1217 1445 Exspecta
1246 1367 1286 1418 ut
1311 1351 1376 1418 nisi

298 1463 388 1534 bene
405 1489 541 1536 cessuro
563 1489 631 1533 non
647 1465 750 1534 lacios
765 1515 775 1549 ,
792 1481 848 1552 ct,
870 1467 937 1536 nisi
955 1483 1127 1561 comperte
1141 1467 1307 1550 veritate,
1325 1469 1378 1535 ni-

268 1611 272 1622 ’
298 1582 349 1651 hil
362 1575 529 1654 moveris⁴
547 1609 555 1648 :
572 1581 692 1651 relicto
711 1582 803 1650 omni
816 1598 895 1651 actu
908 1584 978 1654 vite
992 1584 1159 1652 consistit.
1176 1585 1267 1653 Dum
1281 1586 1376 1652 veri-

300 1699 425 1767 similia
446 1723 499 1767 me
517 1699 554 1766 in
573 1699 639 1766 hoc
655 1713 714 1767 eut
732 1699 769 1765 in
787 1697 875 1766 illud
893 1697 1093 1792 impellant,
1122 1723 1191 1767 non
1213 1723 1296 1768 vem
1314 1727 1323 1766 t
1345 1701 1376 1766 ei

299 1809 506 1886 beneficium
522 1815 611 1884 dubo
622 1809 650 1900 ⁵,
666 1839 767 1908 quem
786 1814 974 1883 verisimile
992 1815 1060 1883 erit
1083 1828 1217 1908 gratum
1236 1839 1323 1884 esse.

347 1933 508 2002 XXXIV.
527 1933 677 2017 «Multo,
689 1931 815 2025 inquit,
827 1929 1072 2012 intervenient,
1088 1955 1153 2028 pet·
1164 1955 1242 2026 qun
1256 1949 1293 2001 et
1304 1957 1376 2000 mn-

201 2163 203 2170 ’
300 2156 359 2199 sunt
377 2145 552 2218 impressiones
570 2144 601 2200 eb
618 2145 725 2200 externis
737 2142 812 2197 rebus
862 2143 983 2216 cupidine
1001 2145 1111 2210 exortis,
1129 2164 1216 2200 sensns
1235 2144 1337 2220 pulchri
1353 2159 1377 2197 et

299 2223 327 2277 in
350 2223 464 2278 sensibus
487 2225 580 2278 nostris
603 2225 734 2288 adisse,
754 2240 812 2294 quae
862 2223 947 2276 decori
961 2235 1090 2286 nsscstur,
1105 2224 1377 2294 quolit,utestiros·

298 2302 482 2356 secuntissime
499 2303 653 2376 respondent
667 2301 742 2354 rebus
760 2301 812 2352 illis
861 2302 932 2356 tione
951 2320 1035 2354 rerum
1048 2302 1180 2368 institute,
1192 2302 1287 2376 regul:
1298 2321 1377 2355 cons-

298 2393 366 2434 extre
378 2381 501 2448 acuitis,
517 2381 651 2435 nobiscum
670 2378 813 2452 diligentis·
860 2380 984 2433 titueotur
1006 2379 1135 2434 actionum
1160 2393 1316 2434 nostrerum.
1328 2381 1376 2434 He

298 2461 362 2513 sime
372 2459 534 2534 proprietatos
550 2459 652 2514 illerum
663 2456 813 2512 communi·
862 2470 946 2511 sutem
962 2457 1058 2532 regule.
1075 2457 1174 2532 proprie
1193 2471 1253 2512 sunt
1267 2457 1374 2532 officia.

298 2537 815 2614 cent,etnonnniindeproliciscipossons.
865 2539 1376 2614 ‹iudicechcmprelrendnntitsque

300 2611 341 2671 Ci.
355 2617 487 2690 lleynium
498 2618 531 2671 sd
546 2617 655 2692 Epicteti
666 2613 781 2669 Mennsl.
793 2635 814 2666 c.
864 2638 954 2672 omnes
974 2619 1102 2682 cotiones,
1121 2637 1178 2692 quse
1192 2639 1240 2673 nos
1263 2619 1375 2682 decent,

299 2695 340 2760 45.
351 2696 521 2749 'l'iederosnni
531 2695 630 2768 System
640 2695 663 2761 l,
672 2716 696 2768 p.
707 2695 753 2748 nt
763 2711 791 2764 sq
803 2729 811 2752 s
863 2698 973 2770 ideoque
985 2710 1009 2750 et
1019 2696 1158 2766 beneficis,
1176 2711 1301 2770 tanqum
1314 2698 1377 2752 esti-

300 2774 344 2844 qui
362 2786 446 2826 temen
463 2772 548 2826 locum
569 2773 638 2826 lsud.
658 2771 808 2836 Ciceronis,
862 2777 974 2830 mabilio.

300 2853 346 2906 nbi
359 2851 472 2906 Zenonis
488 2849 605 2904 definitio
616 2850 735 2914 effertur,
747 2871 811 2925 per-
895 2877 918 2909 2.
928 2857 977 2908 Ad
987 2874 1019 2908 eo
1030 2857 1183 2910 accedimus.
1200 2853 1241 2908 Se.
1258 2875 1289 2908 ee
1301 2873 1377 2929 egere

300 2949 387 3004 peram
400 2929 473 3004 cepit.
482 2927 551 2982 llinc
560 2927 634 2981 focile
643 2927 758 3001 colliges,
768 2929 814 2982 Se·
862 2933 1020 3007 suscipimus.
1210 2987 1216 2996 ·
1251 2981 1253 2988 ,

302 3028 391 3062 necem
402 3005 614 3061 Academicorum
626 3005 757 3060 sententie
767 3006 815 3060 hac
896 3012 920 3064 3.
931 3009 1234 3082 Secuntur-..eurohic
1246 3009 1319 3081 quod
1335 3030 1377 3062 rs-

304 3087 334 3141 de
347 3107 374 3140 re
387 3085 518 3141 eccelsiae
530 3101 538 3137 t
548 3083 592 3136 ted
602 3101 641 3136 res
652 3081 724 3136 allier
733 3104 759 3136 se
771 3083 816 3136 lm-
863 3089 935 3142 tione
944 3099 1068 3142 :merente
1077 3100 1102 3138 et
1112 3087 1255 3158 indicente,
1268 3087 1377 3157 ideoque

304 3167 354 3219 bet.
364 3167 450 3228 Nem,
462 3181 543 3236 quum
554 3173 645 3214 notum
660 3161 707 3230 sit,
721 3173 816 3215 veteres
865 3163 1057 3218 ratiocinstione
1068 3163 1175 3218 ducente
1183 3167 1299 3218 lutnnrm
1310 3165 1379 3217 vide·

304 3244 403 3298 Stoicos
415 3241 522 3295 omnino
540 3259 625 3294 rerum
645 3237 818 3312 comprehen-
865 3254 920 3307 tur,
930 3263 984 3296 non
992 3242 1062 3314 quod
1073 3241 1172 3314 liquido
1179 3245 1296 3296 intutum
1306 3261 1377 3295 eons-

305 3325 404 3376 sionem
418 3331 505 3375 contre
522 3316 688 3372 Academicos
706 3317 816 3370 mescnle
866 3333 909 3372 tet.

306 3401 447 3453 defendisse
456 3437 465 3465 ,
473 3397 584 3452 scientise
594 3409 678 3449 temen
687 3395 816 3448 nerninem
898 3401 922 3465 4
934 3397 1179 3472 Μοωήε,ρηὶετίῐ.
1189 3397 1254 3470 snbj.
1263 3397 1357 3453 Sensus
1371 3415 1377 3448 :

307 3479 357 3534 nisi
369 3479 506 3549 sapientem
522 3488 666 3548 compotem
685 3493 736 3526 esse
750 3473 818 3526 obti—
866 3475 932 3528 nihil
943 3475 1108 3549 eggredieris.

306 3558 413 3611 nebsnt:
421 3554 570 3609 oodeiacile
580 3561 692 3626 apperet,
702 3563 817 3604 nostrum
901 3555 1010 3622 isera
1017 3571 1027 3620 ,¹
1039 3557 1063 3608 ei
1074 3553 1223 3624 beneficium
1236 3554 1323 3620 dodo,
1333 3566 1378 3607 ete.

306 3635 332 3688 lt·
354 3635 370 3690 l
390 3632 642 3710 comprehensionem
664 3629 764 3703 proprie
781 3629 818 3682 sic
868 3631 934 3684 Cum
946 3629 1028 3682 (που.
1039 3643 1152 3684 veterem
1162 3630 1302 3683 lectionem
1313 3650 1379 3684 :nors

308 3715 400 3767 dictam
408 3733 461 3766 non
469 3710 611 3784 intelligere
619 3747 626 3774 ‚
634 3707 678 3761 sed
688 3707 818 3761 scientiam
869 3730 936 3776 erere,
944 3729 996 3762 uns
1003 3709 1085 3762 littere
1095 3721 1198 3773 mutate,
1209 3711 1379 3780 reposuim-

307 3793 378 3846 illsm
389 3793 436 3857 (ci.
450 3790 504 3844 Cic.
519 3789 590 3843 Aced
609 3789 660 3857 Qu.
671 3789 722 3850 lV,
736 3791 777 3856 473
788 3788 819 3839 de
868 3799 908 3839 tes
919 3806 925 3840 :
935 3809 986 3841 non
997 3790 1104 3842 uerebor
1113 3787 1263 3860 deificium
1273 3790 1340 3842 dare
1348 3793 1380 3854 ei,

308 3871 417 3922 Finibus
434 3870 489 3930 lll,
507 3871 543 3936 5)
561 3885 638 3938 quesn
656 3865 820 3918 certissimam
868 3883 945 3936 quem
957 3903 964 3929 ,
974 3865 1131 3920 ete-Dum
1141 3867 1314 3928 verisimilia,
1331 3887 1381 3918 mn

308 3969 392 4002 rerum
406 3945 660 4020 comprehensionem
671 3931 753 3996 sciet.
868 3959 944 4008 vero,
956 3947 980 3996 ei
988 3943 1137 4012 heneficium
1144 3943 1223 3995 dabo·
1236 3941 1309 3996 Alibi
1319 3963 1382 4014 quo·

345 4044 365 4076 ι.
380 4023 518 4096 Officium,
535 4043 589 4076 non
601 4023 687 4074 virtus.
696 4017 818 4072 Officium
869 4041 917 4091 qne
925 4021 975 4074 hoc
984 4019 1094 4095 epitheto
1103 4020 1198 4095 gaudet
1209 4035 1295 4073 noster
1304 4021 1383 4094 Epist

308 4101 502 4172 oritoreprimis
515 4112 620 4166 nature,
630 4097 764 4171 etquidem
774 4099 819 4164 its,
868 4099 941 4162 Xlll,
958 4120 982 4172 q

307 4190 337 4232 ul
349 4183 434 4234 amore
445 4181 500 4246 sui,
513 4179 663 4244 socialitate,
672 4177 818 4250 colendique
900 4177 1026 4236 XXXIV.
1037 4182 1108 4235 Arte.
1119 4179 1194 4234 liene
1206 4177 1385 4232 verisimilitu-
