2976 4944
332 451 374 540 ,ε
513 439 859 514 consensuro
884 443 951 514 Ao
976 447 1227 520 unnvmu.

330 592 442 660 seret,
458 575 538 656 ills,
560 575 709 666 quujum
728 597 817 668 stepe
833 575 962 646 hostem
975 599 1210 671 percusserat,
1232 583 1398 650 laureum·

331 691 452 784 quein
464 689 648 782 Capitolini
669 691 778 758 Iovis*
798 693 927 783 gremio
943 711 1163 786 reposuerat,
1181 720 1284 787 quum
1308 698 1396 790 Api-

330 809 426 875 cius²
451 820 566 873 nostro
592 805 753 872 memoris
775 801 879 873 vixit!
906 809 965 898 qui
994 809 1030 876 iu
1058 833 1099 876 ee
1124 810 1233 892 urhe,
1258 833 1300 878 ex
1327 835 1396 902 que

329 921 512 1014 aliquando
542 920 735 1013 philosophi
749 915 784 1002 ³,
815 921 908 990 velut
939 940 1156 1016 corruptores
1178 926 1391 1017 juventutis,

328 1040 424 1108 abire
436 1038 522 1131 jussi
536 1051 635 1118 sunt,
655 1036 831 1104 scientiam
844 1039 978 1131 popinae
988 1042 1160 1133 professus
1170 1035 1198 1122 ⁴,
1213 1041 1394 1132 disciplina

329 1179 389 1223 suu
406 1152 565 1222 saeculum
581 1151 724 1234 infecit3
744 1151 840 1242 cujus
858 1153 985 1220 exitum
1002 1177 1100 1222 nosse
1115 1177 1228 1247 operae
1245 1156 1394 1247 pretium
1479 1241 1480 1250 ἵ

329 1287 391 1342 est.
409 1272 525 1362 Quum
544 1267 736 1336 sestertium
763 1261 909 1336 millies⁵
929 1269 965 1337 in
979 1271 1125 1340 culinam
1143 1274 1390 1364 congessisset,

328 1413 432 1482 quum
445 1401 492 1456 tot
505 1384 680 1478 congiaria
692 1378 921 1477 principum⁶,
937 1402 972 1454 et
984 1387 1276 1481 ingens'Cspitolii
1289 1390 1396 1456 vecti·

329 1506 406 1600 gul7
436 1502 579 1596 singulis
600 1499 898 1570 comessationibus
923 1505 1163 1596 sumpsisset,
1192 1527 1259 1572 aere
1281 1504 1395 1572 alieno

327 1641 530 1714 oppressus,
552 1616 700 1683 rationes
718 1639 795 1682 sues
810 1630 892 1684 tunc
909 1618 1057 1710 primum
1072 1635 1207 1688 coactus
1219 1621 1392 1714 inspexit,

327 1735 581 1829 superfuturum
596 1730 661 1797 sibi
681 1732 873 1798 sestertium
890 1735 1018 1802 centies
1039 1739 1260 1829 computavit,
1283 1752 1318 1805 et
1335 1762 1395 1807 ve-

327 1854 421 1922 lutin
431 1847 646 1919 ulti-mafame
659 1848 831 1927 victurus,
845 1850 920 1918 siin
933 1855 1087 1920 sestertio
1099 1856 1226 1922 centies
1240 1856 1390 1936 vixisset,

325 1969 569 2042 venenovitam
585 1965 707 2032 finivit.
724 1965 862 2055 Quanta
876 1967 1010 2036 luxuria
1022 1986 1111 2052 erut,
1129 1973 1184 2038 cui
1198 1974 1392 2040 sestertium

361 2179 834 2252 t.laureamque1bC⁰pt'!⁰lt'niJovis·
882 2197 919 2236 est
930 2203 989 2236 aon.
997 2185 1029 2237 U.
1040 2185 1069 2238 C.
1082 2186 1140 2252 650,
1153 2187 1392 2242 acensoribusLue.

326 2255 833 2342 Ap.Rrssm.tancemquetanceam.Male·
882 2261 934 2314 Lie.
949 2261 1038 2315 Crasso
1052 2278 1076 2316 et
1089 2264 1134 2316 Cn.
1149 2265 1265 2318 Domitio
1284 2265 1393 2317 Aheno-

324 2349 446 2398 Lauresm
460 2342 528 2395 euim
541 2337 707 2412 triumphator
719 2336 834 2408 deposuit
861 2388 864 2396 ,
881 2337 967 2392 barbo.
981 2339 1033 2393 Cic.
1047 2341 1110 2394 Orat
1127 2341 1231 2406 lib.,ttt,
1244 2362 1298 2416 cap.
1311 2346 1352 2408 24,
1368 2343 1393 2394 8.

326 2427 353 2478 in
364 2423 462 2496 gremio
475 2420 547 2472 Josis
556 2415 717 2489 Cap.Lipsius
729 2415 760 2466 asl
773 2415 833 2466 Tse.
883 2416 953 2468 Aull.
974 2417 1030 2470 Gel.
1052 2418 1095 2470 lib.
1107 2419 1164 2478 XV,
1181 2420 1224 2470 xl.
1235 2419 1339 2472 Sueten.
1358 2419 1391 2472 de

326 2503 417 2575 Annal.
429 2501 473 2552 lib.
485 2498 521 2562 ll,
534 2517 586 2568 cap.
597 2493 637 2558 ab,
651 2507 676 2545 et
687 2494 787 2545 Exeurs.
798 2492 832 2543 D.
884 2493 1028 2548 Clastllbet.
1038 2496 1136 2550 r.lclem
1146 2498 1205 2550 feeit
1213 2499 1391 2572 Vespasianus.

324 2595 387 2635 nost.
401 2579 471 2632 edist.
481 2589 549 2627 tomo
559 2573 606 2636 Ν,
618 2593 641 2642 p.
652 2570 709 2642 359·
915 2573 938 2638 4.
949 2571 1092 2627 Scr'errts'am
1120 2577 1224 2642 popina
1245 2576 1391 2644 professus.

368 2681 391 2712 a.
411 2658 528 2725 Apicius.
556 2651 646 2703 Visere
674 2661 723 2700 tres
750 2646 833 2718 Apicii
880 2651 915 2703 Ut
924 2650 985 2703 olim
997 2651 1105 2724 Augusti
1116 2650 1269 2724 temporibus
1280 2651 1322 2705 hie
1332 2654 1392 2704 Ta-

321 2740 450 2808 iidemque
462 2749 575 2806 proceres
588 2729 671 2802 galet
683 2725 779 2778 hirluit
790 2744 831 2778 se·
880 2729 1060 2793 tiuslrssulser,
1080 2731 1174 2800 dequo
1193 2731 1324 2796 Horatius,
1343 2731 1390 2786 lils.

322 2817 434 2879 condus,
445 2813 481 2865 Μ.
492 2807 589 2862 Gabius
602 2808 648 2878 Ap.
657 2803 704 2857 sub
716 2805 830 2876 Augusto
879 2811 915 2873 ll,
924 2809 976 2862 Sat.
985 2825 1022 2874 tv,
1028 2808 1131 2882 scripsit.
1140 2812 1172 2860 At
1179 2809 1300 2862 illustrior
1307 2810 1390 2863 multo

323 2910 347 2950 et
356 2893 476 2954 Tiberio,
498 2904 574 2961 quem
595 2894 621 2938 tl
638 2884 704 2936 l‘lin·
722 2882 766 2934 lib·
782 2881 839 2962 lx„
878 2887 981 2960 Apicius
1000 2887 1071 2958 cujus
1092 2907 1187 2940 nomeu
1203 2886 1234 2938 stl
1251 2885 1389 2960 prodigum

322 2996 343 3027 c.
355 2974 397 3038 30,
410 2971 453 3024 lils.
462 2970 495 3032 x,
505 2987 558 3040 cap·
568 2965 617 3022 583
634 2962 691 3034 Rip·
710 2970 828 3032 nepotum
877 2965 961 3017 virum
969 2965 1114 3038 etgulosum
1122 2965 1308 3038 designandum
1317 2965 1390 3018 iuss·

321 3052 437 3107 omnium
445 3046 591 3100 altissimum
605 3041 731 3115 gurgitem
746 3037 829 3110 appel·
877 3041 931 3094 luit.
943 3042 996 3109 Qui
1012 3042 1114 3112 quidem
1135 3043 1263 3096 colinarise
1274 3044 1389 3098 scientia

321 3131 363 3182 lat
371 3127 423 3179 Dio
431 3124 499 3178 Cass.
511 3119 680 3182 tib.tvl1,e.
694 3137 732 3187 tp,
741 3116 829 3181 idem,
876 3139 966 3174 arcana
984 3121 1028 3185 its,
1050 3141 1102 3172 non
1123 3121 1204 3174 solum
1223 3121 1323 3184 calluit,
1341 3124 1389 3176 setl

320 3207 387 3280 quod
399 3215 499 3264 noster,
518 3199 550 3254 tle
563 3217 594 3249 eo
613 3195 695 3248 tradit
711 3192 830 3247 occurris
877 3201 1000 3270 protessus
1010 3211 1062 3264 est,
1075 3213 1103 3252 ut
1118 3200 1149 3252 de
1162 3199 1192 3252 iis
1210 3199 1304 3254 librom
1317 3219 1387 3254 eon-

320 3300 345 3340 et
355 3305 393 3358 ap.
406 3286 422 3337 J
424 3280 566 3340 uvenalem,
579 3276 743 3337 Martialem,
753 3277 827 3327 tam·
876 3276 1072 3349 scripseriteuius
1081 3297 1137 3350 pars
1144 3277 1178 3329 atl
1186 3295 1232 3328 nos
1243 3295 1322 3345 usque
1330 3295 1385 3347 per·

319 3362 439 3432 pridiuro.
455 3359 528 3412 lllsrt.
543 3355 585 3408 lib.
600 3356 651 3409 lll.
669 3353 743 3424 Epig.
753 3371 824 3408 xxtt:
876 3354 954 3406 venit.

318 3436 547 3509 «Dederas,Apici,
555 3435 592 3487 bis
604 3432 734 3486 trecenties
745 3437 828 3488 ventri
909 3433 931 3484 5.
943 3429 1094 3484 Sestertium
1102 3432 1207 3482 millies.
1216 3429 1315 3482 Nostrae
1327 3447 1386 3482 mo·

317 3520 361 3574 sed
369 3511 735 3589 stlbucsupererttceutiestibi
743 3512 826 3566 lasum
876 3521 941 3562 nette
956 3507 1104 3580 i7,587,495
1116 3509 1146 3559 l'r.

249 3599 251 3604 ’
317 3599 418 3650 Hoetu
431 3591 702 3666 gravatus,oelamern
719 3608 748 3642 sc
757 3588 827 3642 sitim
907 3585 932 3637 6.
944 3585 1105 3654 Principum.
1119 3584 1227 3658 Augusti
1242 3596 1267 3638 et
1276 3585 1384 3639 Tiberii.

315 3666 828 3739 l'erressummsvenenumpotionedusis·
876 3663 972 3734 Lipsius
996 3663 1028 3715 de
1054 3663 1196 3734 proceribus
1217 3676 1242 3716 et
1262 3662 1384 3718 divitibus

317 3744 825 3820 ti.Nilest,Apici,tibigulosiuslaetum.»
874 3742 982 3796 Senatus
994 3742 1121 3816 intelligit

317 3830 393 3883 Plura
403 3827 473 3880 dabit
481 3825 510 3877 P.
521 3823 608 3892 Bayle
620 3839 693 3874 rose:
706 3824 825 3888 Apicius.
908 3842 930 3891 7.
952 3822 1077 3888 capitatia·
1093 3825 1211 3892 vectigal.
1232 3821 1289 3874 Hoc
1312 3820 1383 3873 itlem

349 3907 372 3960 3.
380 3903 539 3972 Philosophi.
551 3905 621 3955 Ann.
632 3899 664 3951 U.
675 3897 704 3949 C.
717 3901 772 3970 592.
781 3898 824 3951 Se·
871 3900 969 3973 Lipsius
979 3900 1145 3973 comparstive
1162 3900 1254 3965 sumit,
1273 3911 1301 3950 ut
1313 3898 1384 3972 Api-

315 3985 520 4048 natusconsulto,
540 3982 568 4034 iu
586 4001 636 4051 quo
661 3977 766 4030 Pratori
784 3977 822 4028 Μ.
872 3977 924 4032 cius
942 3990 1041 4030 tentum
1056 3977 1235 4051 absumpserit,
1256 3988 1383 4047 quantum

316 4061 458 4135 Pomponio
465 4060 607 4131 injunctum
614 4069 661 4122 est,
669 4055 706 4108 uti
716 4067 821 4121 curaret,
870 4054 912 4106 vel
925 4053 1045 4128 Capitolii
1053 4053 1160 4128 vectigal
1170 4073 1284 4106 annuunt
1294 4052 1384 4106 fuisset

314 4140 352 4194 uti
363 4159 377 4192 e
387 4137 515 4210 republica
526 4130 821 4204 fidequesuarideretur,
871 4131 904 4184 ad
912 4131 1016 4184 tutelam
1027 4145 1072 4184 aut
1081 4145 1198 4184 ornatum
1208 4131 1307 4205 publice
1318 4149 1382 4182 ero-

314 4217 450 4270 utiliusne
463 4234 495 4266 ne
512 4225 602 4266 esseut.
615 4212 672 4264 Hoc
689 4209 822 4282 repetitum
870 4221 964 4282 patum.
