2966 4948
432 469 528 537 mu.
554 469 590 556 1,
615 469 726 541 cau.
752 469 821 538 tx..
1095 467 1160 536 aaa

84 599 273 670 cultatibus
290 599 478 683 offerrent,
497 599 697 670 AEscbiues¹
717 621 849 694 pauper
867 596 1023 680 auditor,
1043 599 1160 682 Nibil,

86 720 223 811 inquit,
248 717 390 812 dignum
408 734 460 802 te,
487 717 579 812 quod
593 717 676 786 dare
697 717 760 786 tibi
781 718 924 811 possim,
948 716 1110 799 invenio,
1131 732 1167 786 et

87 837 158 905 boc
175 860 244 904 uno
265 835 392 904 modo²
412 859 598 930 pauperem
620 859 674 904 me
693 853 767 904 esse
790 835 912 902 sentio.
938 833 1165 926 Itaque·d0n0

88 951 157 1020 tihi
174 951 267 1044 quod
280 977 387 1023 uuum
401 952 531 1035 habeo,
548 955 605 1020 Me
617 953 741 1045 ipsum.
760 953 833 1020 Hoc
847 973 970 1018 munus
986 973 1068 1044 rogo
1082 975 1168 1042 qua-

89 1067 273 1160 lecumque
296 1083 369 1151 est,
390 1068 472 1136 boni
496 1067 677 1151 consulas,
699 1067 897 1161 cogitesque
923 1066 1033 1149 alios,
1061 1091 1166 1158 quum

90 1185 238 1254 multum
259 1184 322 1254 tibi
346 1184 487 1266 darent,
503 1184 580 1277 plus
601 1185 668 1252 sibi
682 1185 875 1276 reliquisse.
903 1184 968 1252 Cui
984 1185 1163 1253 Socrates:
1191 1241 1206 1275 s
1299 1261 1301 1270 y
1413 1165 1421 1176 ¹

89 1297 228 1390 Quidni
247 1314 307 1382 tu,
333 1301 465 1391 iuquit,
488 1298 571 1368 mibi
594 1323 755 1391 maguum
774 1320 897 1366 munus
914 1296 1071 1380 dederis,
1100 1299 1167 1365 uisi

92 1416 184 1484 forte
198 1439 303 1509 parvo
320 1432 354 1484 te
373 1417 544 1484 aestimas?
561 1415 703 1484 Habebo
723 1417 838 1508 itaque
854 1437 965 1498 curae,
989 1431 1027 1483 ut
1043 1430 1076 1482 te
1093 1437 1167 1483 me-

90 1531 217 1600 liorem
243 1531 307 1599 tibi
329 1531 470 1600 reddam
499 1556 601 1624 quam
623 1534 753 1625 accepi.
788 1533 879 1600 Vicit
902 1532 1080 1601 AEschines
1101 1532 1167 1601 boc

88 1671 236 1716 munere
258 1639 467 1716 Alcibiadis³
493 1671 611 1740 parem
634 1646 762 1716 divitiis
779 1649 949 1731 animum,
977 1665 1012 1716 et
1032 1641 1167 1719 omnem

82 1765 255 1856 juvenum
271 1763 509 1857 opulentorum
528 1764 809 1832 munificentiam.

136 1884 204 1950 lx.
226 1881 331 1950 Vides
349 1879 519 1974 quomodo
538 1882 672 1950 auim'ue
692 1882 844 1951 iuveniat
862 1861 1077 1951 liberalitatis
1097 1908 1168 1953 ma-

85 1999 233 2080 teriam,
264 1999 365 2066 etiam
392 1997 484 2064 inter
510 1997 713 2088 angustias?
737 1997 884 2066 Videtur
908 1997 995 2067 mibi
1017 1997 1165 2068 dixisse:

84 2116 187 2184 Nihil
205 2116 328 2208 egisti,
348 2114 507 2196 fortuna,
531 2111 624 2206 quod
642 2138 695 2182 me
713 2138 897 2208 pauperem
917 2139 992 2183 ease
1004 2116 1165 2184 voluisti:

89 2231 272 2328 expediam
286 2232 509 2301 nihilomiuus
523 2231 665 2325 dignum
683 2233 766 2300 huic
779 2235 853 2302 viro
869 2257 992 2302 munus
1008 2261 1016 2300 z
1037 2249 1072 2302 et
1088 2235 1169 2326 quia

92 2351 138 2420 de
164 2368 223 2421 tuo
247 2374 318 2419 nou
343 2374 504 2443 possum,
536 2347 579 2417 de
605 2373 680 2418 meo
708 2344 834 2418 dabo⁴.
866 2353 986 2444 Neque
1009 2350 1170 2444 estquod

93 2529 183 2570 nostro
189 2515 245 2568 bae
251 2513 288 2566 oio
296 2513 393 2566 attulit:
402 2511 519 2566 «Socrati
529 2532 608 2584 quum
657 2512 721 2585 pisse
735 2513 873 2566 Socratem.
890 2512 943 2566 Sed
954 2516 1047 2586 saepius
1062 2514 1114 2586 jam
1128 2509 1172 2567 vi-

91 2595 180 2650 taeteri
193 2591 312 2665 discipuli
322 2589 392 2665 plura
405 2587 609 2655 odenatum·
656 2591 759 2654 dimus,
772 2589 897 2645 Senecam
915 2592 943 2644 iu
954 2592 985 2645 iie
995 2611 1053 2663 quaa
1067 2593 1099 2645 ad
1112 2593 1171 2646 liis-

90 2672 183 2725 cbiues
198 2689 292 2744 pauper
303 2688 329 2720 se
343 2667 426 2720 tolum
440 2665 547 2728 obtulit,
565 2665 608 2718 di·
656 2669 747 2722 toriam
765 2681 876 2741 spectant
891 2707 899 2728 .
917 2690 971 2723 uon
991 2671 1050 2723 tatis
1068 2683 1170 2724 cautum

89 2769 153 2802 eene
169 2787 177 2814 ,
196 2761 243 2800 ete.
258 2768 273 2794 a
286 2772 319 2784 -
331 2744 453 2808 Socrati,
470 2757 517 2798 etc.
536 2744 608 2797 Idem
657 2747 736 2818 egisse
756 2746 880 2799 criticum.
890 2747 958 2800 vide
968 2747 1083 2801 Maium
1100 2747 1171 2802 Ges-

89 2841 179 2883 narrat
189 2828 266 2900 Diog.
277 2825 509 2880 LaertVitl'bilos.
520 2825 605 2888 lib.ll,
656 2827 749 2881 ctrthte
760 2829 806 2879 der
824 2825 1067 2896 Wissenscltaflen,
1080 2825 1132 2878 rol.
1143 2827 1169 2893 1,

89 2930 144 2983 cap.
166 2906 199 2972 34
217 2907 349 2974 :Aiqlsata
363 2907 388 2958 til
402 2904 523 2967 εἰπόντος,
537 2906 612 2968 Πίνης
660 2906 781 2980 pag-359.

90 2989 198 3058 slplfful
214 2989 271 3040 eills
281 2989 321 3055 pla
335 2985 403 3038 odila
415 2986 478 3054 ἴχυ,
490 2985 573 3052 δίδωμι
585 2985 613 3036 δι’
693 3004 717 3036 a.
729 2982 768 3034 Et
776 2983 821 3036 hoe
831 3003 883 3034 uno
894 2983 979 3036 modo.
993 2981 1171 3054 Paupertatem

92 3092 129 3121 σοι
148 3066 256 3138 imario·
269 3064 373 3135 Ap'eis,
393 3062 476 3129 aimo,
500 3066 612 3116 oisele-
660 3079 732 3112 auam
760 3079 835 3130 atquo
859 3059 948 3112 animo
975 3058 1065 3112 tulerat
1079 3075 1086 3111 :
1102 3078 1172 3112 nuno

92 3149 155 3218 θάνῃ
167 3147 196 3198 τὲ
204 3145 299 3212 μέγιστά
309 3165 347 3212 pst
361 3142 454 3204 διδούς.
660 3158 740 3210 quum
755 3137 866 3192 Socratis
877 3137 1009 3211 disciplina
1025 3137 1062 3189 uti
1078 3157 1105 3191 se
1119 3157 1172 3190 uon

133 3247 155 3279 ι.
174 3225 324 3280 AEtcbaires.
344 3222 451 3276 Arcadia
464 3222 608 3282 oriundus,
660 3238 731 3292 posse
747 3230 861 3291 putaret,
878 3215 927 3269 uisi
947 3235 1040 3268 munus
1056 3216 1170 3276 afferret,

95 3325 166 3360 num
176 3324 205 3357 ex
215 3304 247 3356 iis
257 3302 301 3375 qui
308 3301 421 3376 magistri
431 3299 570 3353 doctrinam
579 3297 613 3351 fi·
662 3310 796 3372 egestatem
813 3296 900 3350 saucit.
908 3295 948 3348 De
964 3295 1017 3367 ejus
1030 3307 1173 3369 paupertate

98 3381 230 3437 delissime
242 3391 393 3445 tenuerunt;
406 3375 521 3430 Platonis
531 3390 556 3429 et
566 3376 614 3428 Xe·
660 3376 804 3430 multisunt
818 3386 923 3438 veteres,
935 3394 957 3426 e.
967 3392 989 3425 e.
1000 3372 1077 3446 Dioq.
1092 3373 1174 3427 baert.

99 3460 243 3535 nopboutis
264 3459 375 3512 imitator
391 3456 474 3532 plures
490 3455 613 3527 Dialoqot
660 3457 679 3510 l.
689 3455 709 3509 l.

98 3541 217 3615 scripsit,
227 3539 318 3611 quibus
331 3539 397 3592 tituli
412 3538 440 3592 bi
453 3540 556 3591 luerunt
566 3536 614 3590 At·
695 3535 718 3587 3.
724 3533 881 3588 Alcibiadis.
892 3529 949 3582 Viri
956 3529 1174 3602 buj.celsberrimi

98 3619 231 3680 cibiadea,
244 3617 364 3688 Aspasia,
379 3617 496 3680 Ducum
509 3614 612 3687 Erycis,
662 3611 795 3685 ingenium
805 3650 813 3676 ,
824 3627 907 3662 utores
916 3643 924 3670 ,
934 3608 1068 3662 militarem
1082 3612 1174 3663 lamam

99 3699 231 3762 Pbaetlon,
240 3697 385 3772 Polyaenus,
392 3694 616 3750 Talamuns.dxio·
663 3711 740 3745 nemo
752 3711 805 3744 uon
815 3687 945 3757 novit,qui
954 3686 1110 3759 antiquitatis
1120 3704 1176 3738 uon

101 3772 544 3850 cbumquoqueeitribuunt,quod
557 3771 617 3826 Pla·
665 3767 771 3821 omniuo
792 3767 896 3835 ignarus
916 3776 959 3818 est
972 3764 1023 3818 Sed
1046 3775 1071 3816 et
1090 3761 1177 3814 scien-

102 3859 174 3914 tonis
192 3855 298 3926 quidam
317 3874 368 3908 esse
380 3853 477 3907 volunt
491 3851 617 3905 Ceterum
667 3847 730 3899 dum
744 3845 888 3899 clarissimis
904 3844 974 3898 buno
993 3839 1117 3895 natalibus
1133 3859 1176 3891 or-

100 3939 122 3990 si
142 3931 288 4010 plarascire
304 3932 374 3985 voles
388 3929 618 3992 deboeAEscln'ne,
668 3939 737 3986 tom,
746 3937 770 3976 et
780 3923 879 3977 divitias
889 3943 934 3996 pro
943 3934 1055 3992 tempore
1064 3931 1089 3970 et
1098 3917 1176 3990 patria

102 4019 134 4070 cl.
141 4010 271 4068 Brnbberi
278 4009 344 4063 ssiat.
355 4009 408 4062 erit.
420 4008 516 4062 Pbilos.
526 4005 577 4058 vol.
588 4006 618 4071 l,
667 4003 849 4079 propemodum
861 4002 996 4055 immensas
1005 3996 1131 4051 habuisse.

100 4089 241 4170 p.574,qui
252 4101 318 4142 recte
329 4089 556 4154 monet,Seuecam
564 4084 619 4139 bec
700 4084 724 4149 4.
741 4081 815 4150 Quia
832 4082 865 4133 de
876 4090 920 4131 tuo
934 4095 985 4129 non
999 4091 1125 4166 ppassim,
1144 4075 1177 4125 de

102 4193 209 4230 crassae
219 4210 227 4232 ‚
238 4168 446 4241 quandoquidem
458 4177 554 4221 constet
566 4201 573 4228 ,
586 4184 618 4217 ue
666 4179 724 4214 meo
741 4157 820 4214 dado.
833 4160 872 4217 lle
884 4154 1054 4219 obliviscens,
1067 4150 1177 4224 compal-

102 4255 136 4308 ab
149 4249 290 4306 Alcibiade
304 4246 409 4317 quidem
424 4263 619 4300 muneraacee-
667 4237 715 4293 lari
733 4237 758 4291 b.
773 4237 790 4291 l.
806 4237 945 4290 Fortunam
959 4232 990 4286 ab
999 4229 1122 4284 AEsebiue
1135 4229 1176 4283 rel
1288 4263 1290 4270 -
