2966 4948
443 489 537 556 LIB.
565 491 603 574 Ι,
629 489 736 560 CAP.
763 490 838 557 111.
1109 499 1170 566 321

101 617 224 684 horum
240 629 275 682 et
287 611 379 682 diem
391 613 552 707 appellat.
573 615 753 704 Nunquam
768 610 828 682 illa
844 613 1020 683 virbonus
1034 621 1172 713 cogitat,
1200 639 1233 704 t

100 731 171 800 uisi
183 729 410 800 udmunimsu
428 726 618 798 reddente:
645 728 850 822 alioquinin
872 731 1012 801 formum
1033 734 1175 806 'mediti

99 864 292 918 transeunt.
324 846 454 940 Turpis
475 845 652 915 foenerutio
671 861 743 930 est,
768 847 974 918 beneficium
992 857 1177 946 eipensum

101 967 197 1036 ferre
211 970 238 1034 ¹.
256 965 528 1058 Qualiscumque
544 964 696 1057 priorum
707 981 851 1033 eventus
866 982 930 1053 est,
942 991 1124 1060 persevera
1140 975 1177 1042 in

99 1085 191 1154 ulios
217 1083 396 1167 conferre3
424 1081 545 1150 melius
570 1080 663 1174 apud
686 1083 837 1175 ingratos
855 1079 1064 1180 jacebunt³‚
1093 1113 1178 1180 quos

101 1218 163 1272 aut
187 1199 313 1295 pudor,
337 1199 563 1278 nummasio,
584 1213 648 1268 sut
666 1193 836 1268 imitatio⁴
854 1200 1050 1294 aliquando·
1066 1221 1179 1298 gratos

101 1317 232 1412 poterit
250 1315 401 1386 efficere.
433 1317 485 1384 Ne
511 1313 719 1384 cessaveris:
747 1339 831 1409 opus
857 1331 950 1388 tuum
976 1341 1124 1414 perage,
1144 1339 1180 1390 et

102 1449 221 1530 partes
238 1431 321 1502 boni
334 1433 401 1502 viri
417 1451 616 1524 exsequere.
633 1429 748 1500 Alium
763 1455 824 1514 re,
848 1431 951 1501 ulium
970 1434 1059 1516 lide,
1073 1435 1179 1535 alium

101 1552 239 1646 gratia,
261 1551 366 1618 ulium
391 1548 534 1618 consilio
549 1597 558 1630 ,
575 1546 684 1615 ulium
704 1549 884 1641 praeceptis
906 1550 1099 1621 salubribus
1115 1551 1178 1623 ud-

98 1666 184 1757 juvn
201 1656 228 1732 ⁵.

154 1780 219 1848 111.
253 1776 381 1848 Officia
403 1776 506 1844 etiem
525 1774 605 1843 lene
624 1777 802 1846 sentiunt:
822 1799 886 1846 nec
902 1775 1011 1846 ullum
1029 1792 1097 1848 tum
1116 1781 1180 1848 im-

100 1908 321 1968 mansuetum
343 1890 469 1960 animul
495 1906 568 1972 est,
598 1889 692 1983 quod
714 1912 784 1959 non
809 1915 892 1966 oum
911 1896 1065 1989 mitiget,
1086 1911 1122 1966 et
1143 1899 1180 1965 in

101 2033 258 2078 amorem
266 2009 323 2077 sui
341 2021 462 2076 venat.
479 2009 631 2079 ieonum
645 2003 703 2075 ora
715 2029 737 2074 n
753 2009 924 2101 magistris
940 2011 1077 2103 impune
1091 2027 1181 2080 trac-

102 2143 224 2194 tentur
239 2115 273 2188 ⁶:
293 2121 552 2217 elephantorum
570 2123 738 2192 leritutem
757 2147 865 2216 usque
883 2126 919 2192 in
940 2128 1062 2194 servile
1080 2127 1180 2196 obse·

106 2385 117 2417 ι
133 2365 198 2437 :qui
211 2364 322 2428 bidem,
338 2363 483 2436 quumedtl.
492 2363 619 2433 antiquio·
667 2375 726 2416 tur:
741 2377 784 2418 ant
797 2363 866 2418 onim
877 2367 1004 2438 pecuniis,
1016 2381 1060 2422 aut
1070 2371 1180 2444 eorpori-

12 2473 14 2480 ·
104 2462 146 2495 res
162 2441 262 2494 Erasini
280 2441 410 2514 allegant
424 2458 429 2488 τ
445 2464 459 2488 α
470 2461 517 2498 nee
531 2459 619 2496 avarus
668 2441 725 2506 bus,
737 2454 780 2496 ant
792 2441 948 2516 disciplinis,
961 2459 1004 2499 ant
1016 2447 1099 2500 verbis
1106 2449 1179 2502 bene·

105 2534 207 2575 exactor
226 2519 260 2574 ad
273 2519 364 2575 horam
382 2533 406 2574 et
420 2519 488 2574 ditm
504 2521 619 2574 credito-
667 2515 755 2572 ficium
768 2521 893 2592 prestari,
906 2534 953 2576 ete.

105 2621 162 2654 rem
175 2599 284 2674 appellat
293 2637 300 2665 ,
309 2621 323 2646 s
334 2601 474 2653 &bunum
482 2598 618 2670 legendum
701 2595 747 2648 lll.
759 2597 834 2648 Anu.
849 2597 937 2671 Pergit
946 2599 1076 2654 suadendo
1089 2613 1118 2656 ut
1128 2603 1179 2658 be·

104 2698 161 2734 esse
171 2679 338 2736 censuisset
350 2699 431 2750 quum
443 2697 532 2732 omnes
544 2675 618 2730 codd.
668 2671 760 2738 uelitis
770 2672 1136 2744 duplicentur,continuentur;
1144 2683 1178 2736 ita

106 2777 167 2812 mss.
178 2757 298 2812 omittant
315 2756 499 2820 banssonem,
518 2773 619 2830 expun-
667 2752 735 2804 enim
757 2753 901 2824 cogendum
913 2753 1056 2821 bominem,
1069 2770 1097 2809 ut
1111 2759 1179 2830 grati

105 2836 218 2911 gentiam
232 2835 312 2908 jussi,
332 2834 405 2888 Grnt.
419 2833 504 2908 lipsio
515 2845 538 2886 et
550 2831 619 2886 Gro-
667 2831 745 2884 animi
754 2831 797 2892 det
805 2831 955 2904 signnTum
965 2835 1069 2888 materia
1078 2837 1177 2904 relicta,

105 2915 187 2968 novio
201 2912 381 2986 preeuntibus.
668 2909 699 2961 ad
715 2908 815 2961 Gratias
836 2909 944 2962 transilit
959 2913 1178 2986 ,etmythologiei

142 3014 166 3046 1.
189 2993 292 3046 credin.
306 2988 380 3044 Gall.
400 2988 518 3042 Creonte.
542 2987 620 3056 Quod
668 2986 767 3038 inventi
782 2986 906 3040 rationem
922 2988 994 3042 docte
1011 3004 1036 3043 et
1052 2991 1178 3047 subtiliter

104 3068 236 3126 creditur.
250 3079 367 3122 mutuum
380 3066 460 3120 duur.
669 3076 783 3132 enarrat,
796 3083 941 3136 quanquam
953 3066 1011 3120 setis
1019 3070 1080 3122 fuse.

141 3168 165 3204 a.
194 3143 355 3214 Beneficium
378 3161 524 3212 expensum
539 3141 620 3214 serre·
698 3143 906 3197 &Leonumora
908 3181 948 3198 .....
963 3157 1116 3200 tmctnntur.
1129 3148 1178 3202 Ci-

105 3229 175 3296 Quae
184 3222 334 3283 dedisti.aut
345 3222 405 3276 dare
416 3233 440 3272 te
451 3219 573 3272 simulasti
583 3219 621 3271 in·
667 3219 749 3272 curari
761 3223 820 3276 tue
832 3241 921 3276 omnes
932 3223 1055 3278 solebant.
1067 3227 1177 3283 lllartial.

104 3319 145 3360 ter
158 3321 266 3378 expensa
277 3301 351 3354 serre.
669 3301 752 3374 Speot·
767 3301 813 3374 lip.
831 3317 888 3354 xvtt
904 3321 911 3356 τ
928 3325 941 3350 o
954 3303 1076 3358 Lambere
1095 3308 1178 3362 securi

140 3382 165 3436 3.
174 3375 446 3446 Mettus.....jacebum.
458 3373 491 3428 ll.
499 3393 521 3428 e.
529 3373 620 3428 melior
667 3378 778 3432 dextram
789 3392 906 3434 consueta
919 3382 1032 3452 magistri
1041 3385 1135 3459 Tigris,
1144 3387 1177 3441 ab

105 3482 162 3536 spes
178 3460 226 3513 erit
237 3459 345 3532 gratiam
360 3453 498 3526 aliquando
511 3453 618 3508 relatum
667 3455 788 3529 Hyrcano
801 3455 882 3528 gloria
893 3476 947 3510 rara
959 3459 1036 3531 jugo,
1051 3463 1125 3518 Saeva
1138 3466 1176 3518 se·

105 3541 147 3592 iri.
159 3539 241 3594 ,locet
253 3535 366 3590 debitum
384 3533 454 3606 quod
472 3531 539 3586 (litto
551 3545 619 3586 tem·
668 3555 723 3586 rum
734 3534 825 3588 rabido
835 3534 1036 3591 laceravitclente
1045 3540 1175 3596 leonem.»

105 3637 167 3690 pore
178 3615 245 3668 solvi
255 3613 328 3668 nullo
343 3611 420 3666 motio
434 3624 513 3686 potest
525 3633 532 3676 ς
549 3613 621 3666 mole
669 3613 737 3667 ldem
747 3613 830 3686 Speot.
841 3632 879 3686 ep.
891 3631 951 3668 txzs
959 3615 1067 3670 laeserat
1077 3619 1176 3692 ingrato

103 3707 182 3762 iacet,
195 3695 217 3748 si
229 3713 360 3766 nunquam
372 3691 521 3746 solvendum
532 3692 619 3756 ὥσπε,
667 3689 708 3742 leo
723 3687 833 3763 perfidus
850 3710 893 3742 ore
913 3691 1078 3764 magistrum,
1094 3698 1176 3748 Ausus

104 3776 127 3828 ai
142 3771 304 3829 solvendum.
669 3781 720 3822 tam
733 3781 805 3822 notet
814 3781 987 3824 contemerare
999 3793 1117 3826 manus.»
1136 3775 1175 3828 Ci.

140 3853 303 3920 4.1mitatio.
316 3849 389 3902 Bona
402 3860 435 3900 est
442 3846 516 3900 lectio
532 3845 620 3898 :abm-
669 3859 693 3898 et
704 3847 748 3900 lib.
759 3847 788 3910 1,
802 3847 881 3921 epigr.
892 3861 934 3902 cv,
948 3850 977 3902 ln
992 3850 1100 3926 Corippo
1112 3873 1178 3926 prae-

106 3929 220 3983 rationes
234 3930 368 3990 invitatio,
382 3938 428 3978 eto.
669 3924 736 3979 tlara
746 3926 861 3996 quedam
870 3927 901 3979 de
909 3929 1098 3994 mansuetans,
1109 3930 1177 3986 hisee

141 4011 314 4062 §.Alisamre
315 4043 366 4058 ......
377 4007 486 4074 adjuva.
500 4002 621 4076 Apposite
670 4003 697 4056 itl
716 4023 811 4057 nomen
829 4016 892 4064 erat.
910 4005 984 4058 soris:
1004 4028 1018 4056 s
1034 4009 1178 4063 Nonseous

106 4088 196 4143 laudat
206 4085 306 4158 Lipsius
319 4083 431 4137 Platonis
441 4078 559 4136 beneficii
568 4101 623 4154 par·
671 4083 811 4154 Hyrcana,
822 4084 919 4156 quoties
928 4087 1080 4158 spectatula,
1091 4089 1177 4161 tigres,

106 4164 192 4218 tiendi
204 4161 311 4215 modum
326 4182 338 4214 e
351 4159 467 4233 Diogene
480 4157 621 4232 Inertlll3
672 4160 723 4212 Dat
735 4159 832 4232 populis
842 4181 908 4214 nora
921 4162 1003 4217 lloma
1013 4165 1080 4232 suis,
1094 4167 1179 4221 docto-

107 4247 150 4314 95·
161 4234 337 4294 Benelieentia
343 4237 522 4310 quadrifariam
533 4235 624 4288 divitii-
673 4256 699 4290 re
714 4238 848 4310 magistro,
857 4239 916 4292 Non
929 4241 1003 4294 solito
1020 4255 1113 4298 terrore
1127 4249 1179 4300 ire-

258 4335 302 4400 11.
1036 4363 1077 4408 ut
