2966 4948
286 421 352 524 ²⁷8
442 413 510 480 nn
534 412 729 484 nourr
753 409 974 484 cssnnrr
997 412 1185 484 nonus.

285 545 424 616 solebat.
445 545 595 614 iusserat
609 545 659 613 illi
672 544 795 614 collum
808 543 959 639 praecidi.
976 549 1118 614 Putares
1134 521 1254 616 omnes
1264 545 1358 616 illius

286 687 359 734 esse
372 663 531 746 libertos,
550 662 635 731 adeo
649 663 746 732 illum
762 686 862 730 nemo
875 662 1017 732 curabat
1030 669 1054 730 ¹.

334 781 409 848 Vll.
434 778 523 848 Tum
540 778 706 848 Hercules
723 805 730 846 ε
752 777 843 848 Audi
858 804 935 862 me,
961 781 1092 872 iuquit,
1108 793 1167 863 ιιι,
1189 794 1223 846 et
1238 777 1359 846 desine

287 895 431 964 fatuari²
450 919 458 958 :
478 895 601 964 venisti
614 895 702 977 huc,
719 893 778 962 ubi
794 919 908 964 mures
922 895 1050 964 ferrum
1063 893 1191 964 rodunt
1202 885 1229 962 ³.
1248 895 1360 962 Citius

189 1055 214 1074 -·
247 1051 261 1084 ι
286 1015 371 1085 mibi
387 1037 525 1098 verum,
541 1037 587 1083 ne
603 1011 666 1080 tibi
684 997 835 1104 nlog'ius⁴
855 1011 1039 1094 acutiam,
1063 1002 1207 1080 ‹licito⁵.
1232 1013 1275 1078 Et
1289 1033 1359 1102 quo

287 1130 474 1208 tenibilior
492 1144 601 1210 esset,
618 1129 767 1222 tragicus
786 1127 825 1194 fit
840 1120 874 1208 ⁶,
897 1141 930 1194 et
945 1127 1017 1194 ait:

365 1315 374 1326 ,
405 1246 563 1332 Exprome
574 1267 705 1330 propere
718 1260 749 1320 ι,
765 1241 855 1308 scde⁸
868 1265 928 1328 qua
941 1245 1058 1330 genitus
1072 1245 1197 1324 cluant,

308 1345 311 1349 ’
409 1348 479 1418 Hoc
493 1369 532 1415 ne
548 1362 701 1435 peremtus
715 1347 834 1432 stipite,
852 1347 890 1408 ad
903 1359 1019 1408 terrum
1033 1347 1159 1412 accidas.

409 1447 483 1512 llaec
494 1449 579 1512 clava
593 1470 680 1532 reges
697 1469 773 1534 saepe
787 1447 929 1510 mactavit
945 1447 1041 1512 feros.

410 1549 493 1636 Quid
504 1571 584 1612 nunc
597 1548 717 1632 prolatu
730 1547 812 1610 vocis
828 1548 944 1609 incerto
961 1547 1072 1612 sonas?

289 1652 309 1713 5
409 1647 485 1732 Quae
500 1647 596 1733 patria
610 1695 618 1726 ,
634 1669 698 1730 qm
713 1669 786 1732 gens
800 1645 914 1708 mobile
926 1659 950 1688 ¹⁰
965 1648 1065 1710 eduxit
1079 1661 1186 1732 capnt,

407 1747 560 1812 Edissere.
579 1746 730 1830 Equidem
744 1767 839 1832 regna
851 1759 873 1788 ι·
887 1748 1046 1830 tergemini
1060 1762 1167 1832 petens

321 1927 800 1986 '=.Pu1am.....cumhaeemetiendi—
848 1928 898 1990 sis,
920 1927 990 1980 clava
1011 1947 1067 1982 rnen
1089 1928 1136 1981 tibi
1157 1930 1297 1982 metuenda
1318 1943 1363 1984 est.

249 2045 259 2056 κ
291 2031 350 2066 ucrn
357 2009 431 2082 hujus
439 2008 500 2063 dicti
507 2028 642 2082 quemque,
652 2007 691 2058 vel
698 2027 737 2058 me
746 2026 800 2058 non
848 2005 898 2060 Dic
908 2046 915 2071 ,
928 2027 986 2058 esne
994 2004 1196 2080 Lugdunensis?

291 2101 429 2154 monente,
450 2085 590 2157 intelligere
603 2085 686 2138 eredo.
700 2085 800 2136 Verite·
881 2088 904 2140 8.
923 2085 989 2140 Sede
1003 2100 1104 2140 tuentur
1116 2112 1140 2140 α.
1150 2107 1172 2140 ι.
1184 2087 1210 2140 b.
1221 2100 1276 2160 get
1286 2092 1365 2156 stirpe

291 2179 342 2220 tem
353 2165 426 2222 docet
435 2178 488 2220 tots
500 2164 601 2220 Claudii
615 2165 674 2221 vita.
850 2165 923 2218 codd.
936 2185 957 2217 e.
968 2163 996 2217 ln

323 2244 383 2296 vlt.
394 2243 465 2296 Alte.
482 2242 603 2296 Hercules
617 2240 725 2296 Claudio
744 2262 800 2316 per·
882 2261 907 2312 9·
919 2243 1009 2294 Clnns.
1022 2242 1056 2293 Ut
1069 2241 1165 2316 tragico
1181 2243 1285 2316 dignius
1294 2245 1363 2298 Beet.

292 2321 398 2386 suadet,
420 2334 448 2374 ut
464 2321 561 2376 indicet
583 2319 631 2374 sibi
654 2319 715 2392 quicl
734 2319 802 2372 velit.
850 2316 1113 2392 llh.recteprtetulite
1128 2320 1363 2374 codsunweissen·

294 2399 430 2454 Herculem
442 2399 490 2456 sibi
502 2397 628 2452 conciliet.
850 2397 937 2470 burg..
951 2418 1028 2470 quum
1038 2399 1065 2450 in
1078 2399 1118 2451 ed.
1128 2419 1172 2452 sne
1184 2399 1363 2456 edromnnom

327 2497 350 2530 2.
358 2475 456 2530 Desine
458 2477 576 2546 fatuari.
587 2473 698 2528 Fetnnnn
709 2495 800 2548 agere,
850 2495 957 2546 sequens
966 2476 1072 2530 dedisset
1083 2479 1165 2530 dicas.
1172 2479 1301 2532 -Cluan
1311 2483 1363 2530 Αιι-

294 2555 405 2621 moseri,
423 2567 451 2607 ιιι
469 2549 550 2608 siebat
567 2551 658 2622 Nero,
678 2551 801 2605 referente
850 2552 1279 2627 dias:AGraec01ttm.Qnasede
1286 2567 1364 2608 natus

295 2633 400 2688 Snetou.
409 2632 469 2688 Ner.
480 2654 502 2689 c.
513 2631 552 2686 33-
849 2635 963 2698 ondins,
975 2651 1035 2684 vero
1045 2645 1080 2684 est
1092 2650 1100 2684 s
1112 2633 1170 2701 Qun
1182 2648 1258 2707 geute
1271 2632 1364 2686 oriun-

327 2711 349 2764 3.
361 2713 464 2770 Venisti
484 2712 572 2764 hum...
585 2711 686 2762 rodunt.
705 2707 800 2773 Febri,
851 2707 897 2761 clus
907 2729 959 2762 esse
967 2723 992 2762 tu
1007 2708 1106 2776 dicaris,
1118 2712 1187 2782 quod
1196 2712 1243 2764 tibi
1253 2712 1364 2764 inditum

295 2787 396 2861 exponit
406 2789 503 2842 fluetus
513 2787 541 2839 iu
553 2785 620 2838 notis
633 2805 704 2852 mss,
723 2785 803 2838 Clau·
850 2807 945 2840 nornen
958 2785 1044 2839 audies
1055 2826 1063 2850 ,
1075 2799 1122 2841 cte.
1135 2811 1148 2834 o

295 2867 352 2918 «lius
363 2866 470 2918 securim
481 2863 625 2916 minabatur
638 2879 645 2911 ι
657 2865 746 2916 frustra
760 2883 801 2929 es,

295 2944 376 3016 inquit
389 2942 533 3005 Hercules,
551 2961 610 2993 nem
626 2941 652 2992 in
667 2939 730 2994 ctelo
743 2941 803 2994 ferri

295 3021 332 3074 vis
344 3019 414 3073 nirllu
428 3033 471 3071 est.
484 3017 528 3072 sie
546 3019 621 3070 etiam
635 3017 718 3071 locum
732 3017 802 3071 hunc

295 3099 388 3171 cepisse
395 3097 437 3150 Jo.
448 3095 641 3149 Beclrmsnnum
652 3095 707 3149 Vir.
720 3095 755 3148 ill.
769 3095 801 3148 acl

297 3175 420 3246 Antigon.
435 3167 530 3246 Caryst.
548 3195 572 3247 p.
584 3175 631 3238 32,
645 3175 745 3228 monuit
761 3195 802 3228 me

297 3252 415 3306 Koelerns
426 3251 532 3304 amiciss.

330 3334 354 3398 4.
364 3333 485 3400 Alogr'ns.
496 3325 599 3395 A'lnyise
608 3372 615 3399 ,
625 3329 745 3406 ineptias,
757 3333 804 3384 des

297 3413 497 3478 impertinentes.
512 3409 569 3461 lloc
578 3407 634 3462 loco
652 3409 713 3461 etin
734 3409 803 3482 epist.

299 3485 434 3560 dugentiui
451 3485 483 3537 sd
504 3485 698 3560 Casulnnepisc.
710 3487 752 3550 85,
764 3505 805 3538 oc·

298 3563 376 3617 currit
385 3562 437 3616 htec
449 3584 505 3616 von

332 3643 356 3694 5.
367 3641 532 3704 Excutiam,
544 3642 630 3694 dicito.
645 3641 683 3692 Es
693 3641 731 3692 ed.
741 3659 804 3691 rom.

213 3735 216 3746 ·
300 3735 324 3773 et
335 3721 407 3774 Beati
417 3721 498 3794 recepi
508 3724 535 3772 rb
546 3723 636 3786 datico,
646 3721 715 3793 quud
725 3719 806 3772 omni-

299 3799 345 3852 bus
366 3797 441 3858 codd.
460 3801 536 3851 abest.

331 3883 357 3935 fi.
381 3881 507 3956 Tragicns
520 3881 567 3952 fit.
592 3878 703 3932 iambico
726 3889 807 3930 metro

300 3979 379 4026 usus,
398 3971 425 4010 ut
442 3970 467 4010 et
481 3956 642 4029 sequentibus
661 3955 806 4020 versieulis,

301 4038 378 4090 modo
391 4036 521 4108 perleges,
536 4035 621 4088 ridere
633 4047 677 4088 est.

335 4137 357 4185 7.
364 4117 499 4182 Exprnme
504 4133 618 4184 propere,
628 4113 806 4166 etc.Versunm

300 4210 386 4246 sensus
403 4203 460 4245 est:
474 4193 531 4244 Nisi
547 4193 630 4244 stetim
639 4190 713 4270 'cliens
722 4185 737 4258 ,¹
752 4189 807 4263 quis

886 2885 923 2917 ιο.
944 2863 1042 2918 Mobile
1060 2875 1146 2936 caput.
1157 2865 1290 2920 lllemento
1309 2885 1365 2937 que

850 2962 923 3016 cupre
937 2943 1013 3007 dixit,
1028 2963 1080 3017 cnp.
1094 2947 1108 2995 5
1121 2959 1127 2995 :
1140 2967 1152 2990 ιι
1162 2944 1253 2996 Nescio
1263 2945 1325 3017 quid
1336 2943 1366 2996 il·

849 3023 903 3076 lum
916 3023 1007 3076 minari
1017 3043 1023 3088 ;
1032 3022 1130 3076 assidue
1142 3023 1211 3076 enim
1222 3039 1298 3099 ceput
1307 3045 1364 3078 mo·

849 3123 916 3155 rere.
926 3124 939 3148 o

887 3199 923 3232 ιι.
936 3179 1069 3250 Eguidem
1082 3201 1192 3250 regum...
1201 3182 1322 3255 Spectant
1333 3183 1366 3236 ad

851 3257 970 3310 llerculis
978 3257 1162 3332 expeditionem
1170 3259 1229 3310 satis
1239 3273 1327 3311 notem
1337 3259 1365 3315 iu

853 3335 1021 3410 Hispaniens,
1045 3337 1115 3390 uncle
1136 3335 1212 3390 boves
1234 3337 1365 3412 Geryonis

852 3413 992 3468 Inocltiom
1003 3415 1042 3468 nd
1053 3415 1141 3468 urbem
1155 3414 1172 3468 i·
1187 3433 1208 3466 e.
1227 3415 1313 3487 Argos
1325 3435 1364 3468 er·

853 3493 932 3545 cessit
945 3491 1141 3566 Cbrlpollodor.
1151 3493 1176 3546 ll
1184 3495 1219 3560 ,5,
1232 3513 1271 3556 ιο,
1281 3492 1374 3564 ibique.

852 3569 992 3644 lleynium.
1000 3569 1154 3624 Rhodanum
1161 3571 1366 3642 nutem,inquem

854 3651 918 3702 Arar
928 3651 937 3716 (
946 3646 1123 3714 nuncSadnc)
1133 3647 1200 3722 apud
1209 3645 1366 3722 Lugdunum

855 3725 987 3792 induit(el.
995 3725 1140 3778 dolenses,
1150 3725 1180 3780 de
1189 3723 1254 3778 Bell.
1261 3724 1331 3778 Gall.
1339 3726 1368 3788 l,

857 3806 905 3870 ιι.)
917 3843 924 3870 ,
947 3801 1056 3876 attigisse
1068 3802 1204 3856 Herculem
1216 3840 1224 3868 ,
1245 3802 1320 3856 clucet
1331 3805 1367 3856 ia·

855 3880 913 3932 bule
924 3879 956 3932 de
966 3900 1052 3956 pugne,
1064 3879 1180 3934 Herculis
1191 3901 1249 3932 cnm
1262 3879 1364 3954 bigori-

855 3957 918 4022 bus,
930 3957 974 4027 qui
985 3955 1062 4009 boves
1073 3955 1131 4009 illos
1140 3956 1287 4030 abigebant,
1299 3970 1324 4007 et
1336 3955 1367 4009 cle

855 4033 951 4107 Campo
974 4034 1072 4108 lapideo
1095 4035 1161 4088 inter
1180 4035 1323 4088 Massiliam
1342 4047 1368 4086 et

855 4111 1019 4164 Rhodanum.
1027 4111 1095 4164 Vide
1105 4113 1235 4187 Hcynium
1245 4112 1277 4165 ad
1286 4109 1369 4186 Apol·

856 4190 908 4268 lod.
918 4189 965 4242 loc.
978 4189 1044 4241 laud.
1058 4189 1093 4242 13.
