2954 4926
411 397 511 466 LIB.
538 397 609 482 VI,
635 399 749 466 CAP.
775 401 909 492 XXII.
1116 409 1183 505 609

113 547 253 594 necesse
278 541 329 592 est
352 523 403 592 iili
430 525 561 607 facere,
580 549 648 596 non
667 527 776 596 debeo
791 531 857 622 ipsi
875 529 1103 618 beneficium,
1125 540 1186 608 sed

113 644 264 738 cogenti.
286 642 322 711 Si
339 665 477 730 necesse
494 619 545 709 est
562 641 612 709 illi
627 643 715 712 velle
728 645 772 711 ob
786 645 871 731 hoc,
888 650 970 741 quia
981 651 1070 721 nihii
1082 651 1186 742 habet
1210 661 1225 714 3

113 756 236 824 melius
248 754 341 848 quod
352 756 455 836 velit,
470 748 543 850 ipse
556 779 592 824 se
604 759 709 850 cogit.
724 760 775 828 Ita
788 761 879 853 quod
896 777 1056 858 tunquam
1070 773 1184 840 coacto
1264 844 1266 852 ,

113 896 186 940 non
196 871 371 956 deberem,
383 887 544 964 tanquam
556 875 691 970 cogenti
704 873 825 945 debeo.
842 903 857 940 s
870 879 1046 966 Desinant,
1058 885 1183 979 inquit,

113 984 222 1056 velle!
232 1015 248 1051 »
261 991 334 1056 Hoc
342 987 417 1055 loco
426 969 489 1056 tibi
502 987 588 1058 illud
598 997 782 1060 occurred.
793 993 882 1087 Quis
893 1010 959 1065 tom
975 997 1113 1071 demens
1120 1021 1183 1090 est,

114 1114 158 1170 ut
174 1125 247 1170 eam
260 1115 364 1194 neget
379 1077 586 1171 voluntatem
600 1126 672 1171 esse
685 1153 695 1185 ,
710 1107 764 1172 cui
779 1124 909 1177 nonest
922 1113 1110 1203 periculum
1124 1119 1187 1190 de.-

115 1217 253 1284 sinendi
277 1215 502 1309 vertendique
518 1241 554 1286 se
578 1219 614 1319 in
627 1223 834 1292 contrarium
857 1249 983 1318 :quum
998 1253 1039 1297 ex
1054 1231 1188 1304 diverso

115 1356 218 1400 nemo
234 1357 331 1426 aeque
350 1333 458 1402 videri
474 1333 596 1402 debeat
609 1315 717 1421 nelle,
734 1361 834 1430 quam
848 1339 946 1434 cnjus
957 1345 1114 1442 toiuntes
1132 1376 1190 1422 us-

115 1473 187 1540 que
202 1473 243 1516 eo
256 1465 348 1518 certa
364 1465 434 1533 est,
451 1465 622 1520 utaetems
638 1454 682 1550 sit
695 1455 710 1521 Ρ
722 1453 778 1522 An
791 1457 820 1524 si
833 1457 863 1527 is
874 1483 1009 1554 quoque
1023 1465 1115 1559 vult,
1130 1472 1189 1560 qui

116 1580 229 1658 potest
245 1567 356 1636 statim
374 1565 485 1650 nolle,
506 1568 536 1636 is
555 1591 624 1636 non
643 1568 817 1640 videbitur
835 1575 945 1666 velie,
963 1579 1000 1645 in
1014 1581 1110 1674 cujus
1127 1577 1190 1655 nu-

115 1698 229 1751 turom
247 1706 315 1750 non
332 1682 424 1752 cadit
442 1683 560 1752 nolle?

154 1783 283 1868 XXII.
298 1797 491 1893 «Agedum,
504 1801 629 1904 inquit,
640 1805 670 1870 si
681 1822 834 1898 possunt,
847 1810 1019 1880 resistant!
1029 1840 1044 1878 s
1057 1817 1130 1885 Hoc
1143 1817 1193 1892 di·
1205 1795 1208 1806 ¹
1260 1867 1262 1872 1

114 1915 189 1983 cis:
207 1911 334 1987 Omnis
348 1916 412 1984 ista
431 1917 628 2010 ingentibus
643 1920 830 1991 intervallis
843 1922 1002 2012 diducta,
1019 1925 1103 2000 etin
1116 1957 1192 2003 cus-

116 2030 249 2100 todiam
262 2031 414 2101 universi
427 2032 610 2126 disposita,
628 2038 787 2106 stationes
800 2041 1063 2138 sussdesemnt‚
1080 2049 1192 2123 subita

115 2145 316 2215 confusione
324 2171 441 2215 rerum
454 2146 566 2215 sidera
577 2147 747 2218 sideribus
764 2153 959 2240 incurrant,
976 2175 1011 2226 et
1024 2177 1124 2255 rupta
1136 2187 1193 2232 re-

116 2289 195 2332 rnm
214 2263 396 2334 concordia
415 2266 452 2331 in
473 2265 609 2332 ruinam
622 2264 736 2334 diviua
755 2267 924 2355 labantur,
947 2291 1191 2372 contextusque

116 2379 306 2450 velocitatis
323 2381 542 2463 citatissime,
563 2381 599 2446 in
616 2395 664 2448 tot
678 2384 799 2451 saecula
812 2389 997 2477 promissas
1008 2395 1099 2462 vices
1110 2401 1137 2479 ²,
1155 2399 1190 2466 in

116 2495 232 2564 medio
254 2497 379 2564 itinere
393 2477 584 2580 destituat,
613 2513 647 2566 et
671 2524 747 2591 quae
767 2526 859 2570 nunc
876 2522 959 2575 eunt
973 2507 1113 2580 alternis
1133 2540 1191 2584 re-

115 2611 293 2705 deuntque
303 2615 505 2706 opportunis
514 2608 754 2700 libramentis-t,
769 2621 931 2689 mnndum
942 2647 981 2692 ex
992 2649 1089 2719 aequo
1103 2644 1190 2700 tem-

115 2730 289 2822 perantis,
311 2730 491 2822 repentino
507 2747 766 2800 concrementur
783 2727 977 2823 incendio⁴,
996 2758 1031 2811 et
1043 2769 1083 2812 ex
1097 2763 1189 2816 tanto

152 3003 173 3034 1.
183 2981 242 3035 Hoc
252 2983 306 3035 loco
316 2983 365 3034 tibi
376 2983 447 3036 illud
451 2993 573 3037 occurrat.
582 2985 625 3038 Sic
707 2987 730 3053 4.
744 2987 919 3056 Repentino...
936 2994 1058 3049 tacende.
1073 2999 1118 3050 Est
1132 2999 1186 3054 bec

111 3061 626 3131 cod.Nu.,quumalissebr'lludomis-
675 3063 818 3119 Stoicorum
839 3067 977 3138 ἐκπύρωσις.
1002 3073 1088 3142 Quum
1118 3080 1185 3132 enim

111 3137 222 3191 sumsit.
246 3202 250 3216 ι
449 3189 451 3196 ,
477 3131 479 3140 ’
672 3145 865 3217 principium‚s.
873 3161 1055 3206 usnnacresns
1063 3168 1087 3206 et
1096 3177 1186 3232 regens

149 3217 231 3268 xxti.
251 3218 323 3270 Ano.
342 3215 467 3284 Quanam
483 3220 624 3292 arrogantis
674 3226 761 3278 omnis
779 3241 842 3280 esset
863 3229 894 3280 iis
917 3229 998 3302 ignis,
1022 3233 1074 3288 rive
1096 3251 1186 3292 natura

113 3307 140 3347 et
151 3293 279 3346 dementis
293 3306 346 3361 est,
360 3313 477 3368 poscere,
492 3310 519 3348 nt
539 3295 625 3350 omnis
674 3303 767 3376 ignea,
785 3324 815 3357 ea
833 3306 938 3372 omnis,
958 3307 1018 3362 deos
1041 3331 1144 3385 quoque
1162 3330 1186 3369 et

111 3386 233 3426 comant
244 3383 268 3426 et
279 3371 400 3425 incendio
413 3386 517 3444 pereant
528 3375 562 3426 ob
577 3373 626 3427 boc
675 3381 795 3448 animos,
817 3385 949 3438 concidere
969 3387 1106 3459 siiqnsndo
1124 3395 1185 3467 opi-

113 3471 197 3504 unum
209 3488 217 3514 ,
240 3463 268 3502 ut
285 3449 394 3522 objectio
415 3464 457 3504 tus
481 3451 625 3505 refutetur?
675 3459 1060 3536 natisunt‚nequequemquam
1070 3469 1184 3526 Deorum

115 3529 207 3582 Sidere
217 3528 362 3601 ingentibus
371 3529 458 3598 spatiis
469 3542 494 3582 et
504 3529 625 3586 distantiis
672 3549 779 3600 restare,
795 3539 843 3592 nisi
861 3539 931 3594 illam
949 3555 1064 3600 naturam
1078 3554 1185 3606 creatri-

115 3628 166 3662 ase
178 3607 290 3661 invicem
302 3628 353 3662 esse
365 3621 468 3671 remota,
478 3610 624 3664 universnm
674 3635 745 3682 cem,
763 3617 854 3670 »Iovem
871 3637 878 3671 :
895 3641 1041 3693 quenquam
1058 3646 1115 3698 quse
1131 3631 1185 3685 Cic.

113 3685 261 3748 continere,
281 3685 406 3757 totiusque
425 3685 541 3739 ordinem
558 3707 625 3740 ron·
674 3695 707 3746 N.
718 3695 754 3746 D.
766 3697 795 3762 1,
811 3698 841 3762 ¹⁴
853 3717 891 3768 sq.
902 3700 1003 3768 attulit,
1017 3703 1122 3774 docent,
1134 3727 1184 3762 no-

111 3783 231 3831 servare,
242 3775 287 3817 ete.
298 3802 305 3829 ‚
316 3763 409 3836 dogma
420 3766 526 3819 stoicum
537 3767 592 3820 tuit.
674 3771 712 3824 bis
726 3793 778 3825 non
801 3773 899 3842 liquido
913 3775 944 3828 de
963 3777 1009 3830 bac
1025 3801 1052 3832 re
1073 3781 1183 3853 judicare

149 3863 172 3895 n.
185 3843 222 3895 In
232 3847 374 3897 totsoecula
383 3851 530 3914 promissas
538 3851 606 3900 vices
617 3867 625 3899 :
674 3851 760 3905 licere,
771 3853 840 3906 Hine
850 3853 979 3907 Plutarchi
993 3858 1068 3925 illud,
1081 3862 1108 3914 in
1116 3863 1182 3918 libro

114 3920 240 3974 necerim
252 3921 466 3975 immortalitatem
476 3924 625 3978 mundotri-
674 3929 800 3982 Advrrsur
812 3931 922 3998 Stoicos,
937 3933 996 3988 Vol.
1009 3937 1087 4006 xlv,
1098 3961 1122 4013 p.
1131 3943 1182 4010 48,

114 3999 198 4053 buirse
211 3999 309 4054 Stoicos
320 4014 425 4056 constat.
674 4006 713 4059 ed.
726 4007 796 4061 Hutt.
808 4026 815 4060 z
826 4032 839 4082 q
850 4009 1002 4086 Chrysippus
1013 4030 1038 4068 et
1048 4016 1183 4074 Cleanthes

148 4073 365 4145 Mihi-amenti&
377 4079 467 4149 aquali
474 4081 583 4152 pondere
593 4094 624 4132 st·
674 4082 782 4149 eaelum,
798 4099 908 4152 terrem,
923 4107 1024 4159 serem,
1046 4115 1115 4150 mars
1135 4099 1184 4153 diis

110 4176 164 4225 que
177 4169 256 4208 motu.
675 4159 856 4232 impleverunt,
876 4177 899 4216 et
915 4168 1045 4222 neminem
1058 4184 1142 4229 tamen
1155 4195 1183 4230 ex

259 4253 305 4320 Π.
1040 4269 1084 4374 39
