2966 4948
978 147 984 176 l

298 428 369 532 '274
459 433 529 502 DE
552 431 744 502 MORTE
769 432 991 501 CLAUDII
1014 433 1202 504 LUDUS.

302 584 373 648 cst,
395 587 500 657 quum
520 563 680 656 majorem
706 563 853 632 sonitum
882 565 1046 634 amisisset
1066 564 1125 632 illa
1150 577 1275 658 parte,
1303 589 1371 658 qua

302 678 431 751 facilius
448 679 668 774 loquebatur-¹
699 705 707 746 ι
736 675 815 748 Vae!
836 683 917 748 me’
935 728 944 763 ,
965 695 1070 774 puto,
1093 681 1272 750 concacavi
1299 705 1367 748 me.

301 798 396 892 Quid
414 815 527 866 autem
543 797 680 878 fecerit,
700 797 836 866 nescio:
853 798 965 865 omnia
984 813 1075 866 certe
1090 798 1284 867 concacavit
1295 788 1322 864 ³.

349 917 391 986 V.
421 916 509 1007 Quae
532 913 689 981 interris
711 927 828 1004 postea
847 914 916 980 sint
933 929 1029 996 acta,
1052 937 1298 1008 supervacuum
1318 930 1371 983 eet

299 1033 442 1102 referre.
463 1030 564 1098 Scitis
587 1029 677 1096 enim
705 1023 854 1121 optime⁴
879 1056 886 1094 :
908 1053 972 1098 nec
1001 1030 1192 1126 periculum
1221 1047 1299 1115 cst,
1323 1056 1370 1098 ne

299 1147 474 1230 excidant,
498 1169 574 1238 quae
592 1146 762 1214 memoriae
777 1143 951 1238 publicum
972 1145 1133 1240 gaudium
1156 1140 1367 1240 ⁵imprcesit.

298 1271 404 1338 Nemo
420 1263 589 1333 felicitatis
602 1285 671 1330 auae
688 1259 909 1330 obliviscitur.
936 1264 977 1330 In
995 1263 1077 1332 caelo
1092 1287 1168 1356 quae
1182 1279 1258 1330 acta
1274 1263 1367 1345 sint,

298 1383 439 1454 audito:
461 1379 546 1450 fides
560 1403 665 1474 penes
682 1396 855 1447 auctorem
877 1380 955 1448 crit.
983 1381 1170 1449 Nuntiatur
1193 1379 1287 1462 iovi,
1310 1403 1371 1448 ve-

256 1531 273 1565 s
298 1505 389 1571 nisse
403 1497 584 1592 quemdam
597 1496 695 1565 bonoe
708 1511 864 1580 staturae,
886 1495 974 1564 bene
988 1522 1132 1580 canum,
1152 1498 1268 1566 nescio
1283 1494 1370 1590 quid

332 1713 352 1746 ι.
367 1685 711 1760 Quasecils'usloqaebotur·
722 1683 807 1756 Spen-
854 1682 900 1736 fin.
915 1697 942 1738 st
958 1685 1030 1740 Suet.
1045 1683 1107 1740 Ner.
1125 1683 1167 1738 33.
1180 1683 1303 1738 «boletos
1315 1704 1368 1737 esse

296 1769 404 1822 tarehnc
410 1777 481 1840 putat
487 1762 649 1817 Fromoudns
655 1761 806 1815 Suetonium
854 1761 935 1830 βρόμι
945 1766 1008 1814 ,θεαῖν
1017 1761 1115 1829 (cibum
1129 1761 1259 1826 deornm),
1268 1763 1369 1833 etquid

295 1849 324 1902 in
335 1846 379 1898 vit.
390 1841 492 1896 Claudii
504 1861 525 1894 c.
533 1841 582 1896 3²:
596 1839 690 1893 dieitur
698 1839 807 1892 medita-
854 1839 925 1894 aliud
934 1859 1012 1912 quam
1023 1840 1064 1892 illi
1071 1839 1209 1894 Claudium
1219 1839 1369 1894 denmleee·

296 1937 335 1978 tus
343 1922 464 1986 edietum,
473 1919 631 1992 quoveniam
641 1917 806 1973 daretflatum
854 1917 932 1972 runt?
940 1941 953 1966 a
964 1919 1037 1993 parvi
1048 1921 1172 1972 momenti
1185 1919 1251 1974 banc
1265 1919 1368 1974 dubita-

296 1995 808 2076 erepitumqueventrisineonvivioemit·
854 1997 951 2050 tionem
983 2016 1036 2050 esse
1067 1996 1190 2050 invenies.
1226 1997 1367 2052 Enimvero

296 2077 365 2132 tendi
373 2115 380 2142 ,
388 2096 466 2150 quum
477 2074 660 2150 periclitantem
669 2072 805 2145 quemdam
853 2087 983 2148 propterea
994 2073 1120 2148 ejicienda
1128 2089 1287 2150 casaputem,
1295 2075 1366 2146 qnod

296 2177 346 2234 pree
357 2155 453 2233 pudore
465 2173 494 2206 ex
504 2151 659 2207 continentia
668 2151 805 2223 reperisset.
854 2153 914 2208 buie
929 2153 985 2208 loeo
1001 2174 1055 2207 nou
1071 2175 1184 2228 congrua
1194 2167 1262 2208 sunt.
1273 2156 1367 2210 iocose

296 2227 806 2309 Linguamtitubanterauesetincon·
854 2235 924 2286 enim
939 2234 994 2288 btec
1013 2247 1099 2287 auctor
1118 2247 1223 2300 tractat,
1239 2256 1288 2288 nec
1299 2236 1365 2290 serie

296 2313 348 2366 dita
361 2323 412 2366 erat
426 2309 554 2362 Claudius
570 2305 608 2360 Cl.
624 2307 728 2360 Sueten.
741 2326 762 2358 e.
782 2309 805 2374 4·
854 2332 953 2366 causam
977 2313 1065 2368 mortis
1089 2333 1213 2387 exponere
1236 2315 1366 2368 institnit:

331 2411 354 2442 a.
369 2387 429 2442 Voel
442 2381 737 2456 me····Slt(ll⁵ll1¹g⁰er⁸
749 2402 806 2435 Μ·
854 2412 930 2464 quare
941 2391 1027 2446 Parcis
1041 2391 1194 2446 haecomnia
1210 2391 1309 2444 tribuit.

295 2471 349 2534 lui,
362 2487 437 2540 quam
452 2467 479 2518 in
491 2465 590 2518 crimen
598 2463 665 2518 taese
676 2461 805 2516 latinitatis
887 2467 910 2522 3,
927 2467 1069 2522 omnium„
1078 2475 1234 2524 mmmm
1248 2469 1367 2526 [ἐρωὴ

295 2570 385 2604 vorare
414 2558 549 2601 auctorem.
577 2541 693 2595 Laudant
720 2553 805 2594 tamen
853 2544 988 2620 imperium
1001 2566 1078 2600 suum
1087 2559 1178 2600 totum.

296 2631 380 2688 Plaut.
396 2625 467 2680 Asin.
482 2625 516 2690 ll,
529 2625 553 2692 4,
568 2626 608 2691 75,
622 2619 666 2672 ubl
680 2631 716 2671 etl
731 2639 737 2670 :
757 2620 805 2672 Voe
885 2625 921 2677 V.
937 2626 1009 2678 Atta.
1022 2623 1087 2694 Qua
1099 2625 1125 2677 in
1137 2625 1200 2678 caelo
1213 2625 1366 2692 acciderint,

296 2723 327 2763 te.
346 2709 493 2780 Sequuntur
508 2705 537 2756 in
554 2701 704 2775 quibusdam
720 2719 805 2752 exem·
853 2717 953 2771 narrat,
966 2703 1117 2758 adventante
1129 2704 1253 2770 Claudio,
1268 2725 1363 2776 quem,

295 2787 406 2863 plaribus
415 2783 585 2846 auctioribus,
600 2791 660 2832 teste
669 2779 804 2831 Fromon-
853 2782 909 2854 quis
921 2781 968 2849 sit,
980 2781 1102 2834 Herculea
1114 2781 1135 2836 it
1143 2783 1323 2856 exploraturus.

297 2866 346 2925 dot
361 2885 420 2916 nam
431 2861 510 2915 nostri
522 2857 597 2912 codd.
609 2855 713 2931 parisini
722 2857 752 2910 iis
763 2877 804 2910 ca·
886 2863 909 2927 4.
923 2859 1003 2914 Scitis
1012 2863 1081 2914 enim
1094 2863 1200 2928 optime.
1221 2861 1265 2914 Sic
1277 2879 1365 2914 omnes

296 2957 370 3006 rant,
386 2955 410 2994 et
422 2941 450 2994 in
463 2937 575 2991 editione
587 2955 692 2988 romana
703 2934 804 2988 baccea:
853 2937 929 2994 libri:
942 2951 1030 3011 praeter
1040 2937 1096 2991 cod.
1107 2937 1293 3012 weissenburg,
1301 2939 1365 2994 Ra.

296 3022 350 3074 Nec
361 3025 422 3088 pos!
437 3019 549 3070 boletum
566 3015 673 3082 opipare
685 3013 806 3064 medica·
856 3017 891 3080 ti,
914 3015 957 3088 qui
985 3015 1089 3081 babuit,
1111 3028 1176 3070 teste
1198 3029 1223 3068 et
1243 3017 1366 3087 probante

296 3101 390 3156 mendi-5
401 3096 535 3150 conditum
546 3094 607 3162 pitis
620 3089 671 3143 Cibi
686 3091 806 3155 ”Imp-ill.
856 3093 933 3148 Reno
946 3092 997 3148 Μ,
1010 3107 1035 3147 02
1048 3094 1182 3150 Gmnoviq
1194 3133 1202 3158 ,
1215 3098 1286 3148 m'fl'g
1297 3101 1365 3150 Μ

297 3175 363 3244 Quae
383 3187 467 3225 tamen
484 3167 561 3222 verba
588 3167 698 3221 asciclo
717 3167 807 3218 inlarta
856 3175 1002 3227 certissime.
1020 3171 1090 3242 Quia
1105 3173 1364 3245 utrumquedititur‚

295 3277 348 3310 esse
358 3265 472 3328 putantes
479 3249 537 3302 Viri
544 3248 612 3304 docti
622 3269 634 3300 e
645 3247 763 3300 Juvenal.
772 3245 809 3310 V,
857 3251 955 3304 codices
964 3251 1036 3322 sequi
1046 3251 1123 3304 malo.

297 3324 809 3404 rlfisqallilibusancipiteslongiponen·
892 3331 914 3382 5.
937 3327 1006 3398 Qum
1021 3329 1365 3400 memontnpubttcnmgau·

295 3423 336 3464 tur
349 3406 551 3466 amicis,Boletus
564 3403 680 3466 domino;
689 3403 733 3457 sed
742 3423 808 3474 qna-
855 3409 930 3460 dium
941 3409 1080 3476 impressit.
1090 3407 1174 3462 codd.
1186 3405 1234 3460 hoe
1247 3407 1305 3462 1000
1317 3429 1366 3464 η-

295 3487 462 3544 lesClaudius
473 3483 701 3556 edit,Anteillum
713 3479 809 3547 uxoris,
856 3481 958 3553 einans,
974 3483 1050 3548 aliis,
1065 3487 1212 3552 impressit,
1230 3485 1304 3550 aliia,
1320 3489 1366 3538 im·

296 3579 433 3642 postquem
443 3561 594 3638 nilamplius
602 3561 679 3628 edit»,
689 3558 808 3612 omitten·
852 3572 1019 3631 presserunt,
1034 3563 1169 3618 tuentibus.
1181 3565 1280 3633 Sequor
1299 3565 1364 3618 Gra·

298 3647 330 3699 da
345 3665 396 3700 esse
409 3643 543 3697 duxerunt.
555 3641 587 3693 Et
599 3661 659 3694 sane
671 3639 757 3692 fuisset
770 3639 808 3692 ui·
856 3641 980 3706 acrium,
993 3640 1038 3712 qni
1049 3640 1123 3694 Beati
1134 3640 1254 3695 llbenaui
1270 3642 1364 3713 judicie

298 3727 357 3782 miz
369 3723 551 3798 impudentiae,
567 3723 601 3778 ait
614 3721 672 3774 Nic.
684 3719 767 3772 Faber
780 3717 807 3772 in
856 3720 961 3792 probato
973 3756 981 3785 ‚
1004 3719 1035 3772 de
1054 3717 1102 3772 bac
1121 3719 1238 3776 lectionis
1262 3721 1365 3775 veritate

299 3807 372 3858 Notis
386 3804 417 3860 ad
429 3803 454 3855 br
467 3803 499 3867 l.,
512 3800 535 3854 si
554 3799 637 3855 voluit
649 3795 805 3874 Agrippina,
858 3797 972 3852 dubitare
996 3797 1107 3852 Fabmm
1128 3797 1275 3852 mirabatur.
1297 3799 1367 3852 Fro-

299 3883 341 3936 vel
355 3883 376 3935 si
391 3881 489 3947 noluit,
507 3875 688 3944 confidentia,
701 3873 809 3950 parrici-
858 3875 968 3928 mondus
985 3875 1060 3928 etiam
1073 3874 1189 3946 probavit
1202 3893 1209 3928 t
1222 3871 1366 3928 Difficulter

300 3961 372 4029 dium
385 3958 509 4013 venelieio
526 3955 688 4011 commissum
700 3955 810 4030 provul-
859 3954 945 4017 enim,
964 3955 1016 4020 ait,
1039 3953 1158 4007 excidunt
1178 3973 1207 4006 ea
1226 3973 1284 4025 qne
1302 3971 1368 4024 gau·

301 4059 369 4113 gare.
383 4037 411 4090 Si
424 4050 508 4089 tamen
519 4033 600 4089 Taciti
614 4034 729 4102 (Arrrtal.¹
740 4033 809 4104 xil,
857 4033 931 4088 dium
944 4033 1073 4088 momoria
1086 4032 1226 4106 imprimit,
1245 4032 1306 4103 quia
1317 4051 1368 4084 vo-

301 4116 332 4184 67
348 4115 402 4166 init.
412 4116 422 4183 l
434 4114 510 4167 verba
519 4112 714 4186 comparaverit,
727 4126 752 4166 et
760 4113 810 4166 Ne·
858 4110 939 4184 luptas
946 4123 1058 4169 mantem
1067 4111 1099 4166 ad
1110 4130 1155 4176 ea,
1165 4129 1224 4182 qtae
1233 4109 1368 4170 blanditae·

302 4191 371 4244 renis
383 4191 479 4243 dictum
491 4211 532 4263 ap.
545 4189 624 4242 Dion.
637 4187 706 4242 Cass.
717 4188 809 4256 LX‚35
860 4201 914 4252 tur,
929 4186 1078 4244 idemtidem
1090 4189 1209 4254 reflectit,
1224 4201 1269 4244 ata.
1318 4181 1324 4193 ’
