2976 4950
396 399 494 468 ΜΒ.
521 400 578 484 11,
607 398 717 466 etr.
742 395 917 464 xxvtt.
976 455 977 460 ,
1126 401 1188 488 39ι

113 529 181 596 tati
193 527 315 624 vitium·
330 551 367 596 se
381 551 509 620 suaque
526 525 673 598 mirandi
689 575 699 610 ,
714 542 775 596 aut
789 525 954 608 aviditas,
974 541 1034 596 aut
1046 526 1189 597 invidia.

114 642 326 737 Incipiamus
342 645 501 738 aprimo.
521 646 627 713 Nemo
644 667 714 713 non
730 641 901 737 benignus
924 657 977 712 est
994 643 1049 712 sui
1061 643 1191 737 jude13

103 739 202 828 'inde
219 774 291 841 est,
303 773 342 827 ut
359 759 473 828 omnia
484 761 649 828 meruisse
663 781 699 826 se
712 758 905 843 existimet,
921 773 956 828 et
967 758 1006 826 iu
1019 769 1028 808 ¹
1044 758 1194 829 solutum

114 877 267 971 accipiat
286 900 295 943 z
314 899 380 946 nec
397 876 478 946 satis
497 899 558 944 suo
572 874 686 969 pretio
710 897 748 947 se
767 872 969 944 estimatum
985 889 1095 968 putet.
1122 879 1196 946 Hoc

117 992 208 1060 mihi
216 990 313 1061 dedit
325 1020 335 1078 3
347 989 408 1062 sed
417 1015 520 1086 quam
532 1015 622 1076 sero,
637 987 699 1060 sed
710 1004 786 1086 post
794 1005 879 1083 quot
888 986 1043 1060 labores!
1058 991 1195 1083 qtmndo

117 1114 283 1207 consequi
294 1113 396 1208 plura
408 1114 606 1208 potuissem,
626 1113 656 1182 si
673 1113 783 1198 illum,
802 1111 983 1196 tntillum,
1000 1128 1061 1182 aut
1074 1138 1128 1182 me
1142 1137 1197 1184 oo-
1301 1149 1304 1154 .

119 1227 195 1296 lere
218 1227 422 1296 maluissem.
451 1230 529 1296 Non
552 1227 619 1296 hoo
640 1248 868 1322 speraveram.
889 1229 934 1298 In
951 1228 1086 1298 turbam
1111 1252 1217 1298 cou-w

113 1344 233 1436 jectus
246 1368 335 1430 sum;
351 1330 420 1415 tam
438 1345 563 1439 exiguo
577 1342 721 1438 dignum
741 1367 796 1414 me
810 1341 1003 1437 judicarit3
1022 1344 1199 1414 honestius

118 1461 317 1554 praeteriri²
335 1461 414 1531 fuit.

171 1577 323 1646 XXVH.
344 1579 408 1648 Cn.
434 1577 601 1647 Lentulus
617 1570 773 1670 augur³‚
802 1572 1002 1648 divitiarum
1017 1578 1199 1646 maximum

120 1691 327 1786 exemplum,
341 1707 523 1785 antequam
535 1689 632 1760 illum
641 1689 794 1761 libertini
807 1715 992 1787 pauperem
1006 1684 1194 1774 ‘lacerenu

123 1808 139 1896 (
149 1807 210 1877 hio
227 1803 304 1902 qui⁵
319 1823 441 1902 quater
459 1809 584 1878 millies
601 1804 614 1845 ⁶
633 1811 824 1878 sestertium
854 1835 952 1880 suum
982 1809 1092 1897 vidit3
1114 1835 1197 1905 pro-

119 1927 203 2018 prie
221 1925 290 1994 dixi
308 1952 316 1992 :
335 1926 424 1996 nihil
452 1927 543 1996 enim
565 1927 712 2021 amplius
734 1952 837 2020 quam
855 1928 958 2018 vidit)
969 1930 1100 2022 ingenii
1120 1929 1199 1998 tmit

161 2222 183 2257 ι.
191 2201 230 2256 In
241 2205 365 2258 sedunus.
375 2205 397 2258 Ι.
407 2223 430 2258 e.
441 2205 515 2276 qnasi
524 2223 578 2259 non
588 2203 637 2258 ds-
681 2225 823 2275 pauperem
828 2207 955 2274 facerem.
970 2205 1086 2274 Moneo,
1101 2225 1135 2258 ue
1153 2225 1199 2278 pu-

122 2291 195 2348 tum,
207 2281 251 2334 sed
266 2281 380 2336 debitum
390 2301 397 2337 t
409 2303 464 2336 uon
476 2280 521 2337 fist
534 2304 594 2338 euru
605 2304 636 2340 eo
685 2295 739 2344 tes.
752 2303 892 2360 pauperem
907 2303 967 2338 enus
977 2285 1055 2339 fuisse
1070 2302 1200 2357 eompara-

122 2376 240 2425 πωπω,
258 2357 303 2411 sed
318 2372 482 2432 expungatur.
684 2375 740 2416 tum
753 2383 811 2418 eum
823 2364 948 2418 libertinis
960 2363 1072 2430 Claudii,
1083 2363 1200 2416 Pallante

156 2454 183 2490 a.
200 2436 344 2492 Proetertrt.
361 2438 460 2511 Optimi
481 2439 570 2508 codd..
590 2439 636 2492 elii
685 2441 945 2495 etNaroisso.¹Pallas
958 2443 1028 2495 enirn
1048 2442 1152 2496 Claudii
1165 2441 1201 2495 li-

119 2519 299 2588 proelerr're.ln
308 2539 415 2574 numero
422 2521 575 2595 capientium
582 2541 649 2583 nou¹
684 2519 769 2574 bertus
781 2521 924 2594 possidebat
936 2534 982 2575 ter¹
990 2521 1083 2576 millies
1091 2521 1144 2575 HS.
1159 2521 1201 2576 Cf.

122 2595 210 2648 fuisse.
225 2597 380 2670 Adspectum
395 2597 427 2651 ad
444 2599 578 2652 Senatores
591 2601 638 2672 qui
684 2599 764 2652 Tacit.
781 2597 875 2654 Annal.
901 2601 972 2668 Xll,
997 2601 1029 2652 53
1049 2597 1094 2653 fin.
1115 2599 1201 2651 Ditior

121 2673 247 2743 preteriri
267 2673 388 2728 dimutur.
403 2695 482 2748 quum
500 2697 554 2730 non
570 2679 638 2732 lecti.
684 2676 791 2752 proinde
802 2677 843 2729 his
859 2677 983 2730 libertinis
1001 2677 1050 2730 luit
1060 2677 1199 2741 Lentulus,

123 2750 180 2805 Sed
189 2751 219 2804 iu
227 2751 366 2826 repulsnb
376 2753 518 2808 honoribus
527 2753 641 2810 horver-
684 2757 730 2830 qui
742 2769 827 2826 tamen
841 2777 857 2810 e
871 2755 965 2810 libertis
983 2756 1034 2810 suis
1045 2755 1140 2810 sensim
1155 2776 1201 2828 pe·

122 2829 196 2883 bum.
686 2835 760 2887 cunia
769 2855 816 2888 sue
828 2833 981 2908 privabatur.
1042 2879 1043 2882 ,
1104 2885 1106 2898 ,

148 2908 262 2963 xxvlt
271 2907 580 2980 Anaseqmuueausa
590 2909 640 2963 irn-
721 2913 744 2966 5.
759 2911 816 2964 Hic
832 2915 880 2982 qui
891 2911 947 2966 eod
964 2911 1027 2964 Nu.
1041 2911 1124 2964 Antea
1141 2907 1200 2976 laic,

122 2988 246 3040 memoris
257 2986 347 3042 animi.
365 2989 463 3062 Nempe
478 2989 640 3060 quodquam
688 2990 781 3043 omisso
789 2991 942 3061 pulsemus
949 2989 986 3043 sio
995 2988 1149 3059 loquimar.

124 3066 226 3138 aliquid
260 3067 333 3120 datur
358 3103 367 3134 ‚
397 3067 495 3138 aliquid
521 3068 639 3122 demitur.
721 3068 745 3122 6.
760 3067 966 3138 Quatermr'llies
974 3071 1127 3121 sestertium.
1137 3067 1203 3120 Sunt

123 3144 279 3220 Exemplum
296 3145 410 3219 lepidum
430 3165 446 3198 a
465 3143 516 3198 Cn.
536 3145 639 3198 Cornel.
688 3148 860 3214 doo,ooo‚ooo
872 3147 908 3200 Η.
921 3147 948 3200 S·
960 3144 1002 3198 vel
1010 3157 1102 3198 nostrae
1114 3163 1202 3198 mone·

123 3225 643 3300 Lentuloaugureconquerentequodpe·
689 3224 1203 3298 trecircitsrdt,516,667sr.Lips.stGro-

126 3305 206 3358 cunia
219 3303 334 3377 ingesta,
350 3303 503 3376 eloquentiae
512 3305 580 3356 lama
589 3303 641 3376 jam
689 3327 749 3360 nov.
755 3318 935 3380 supputatnon
944 3302 1139 3358 turandae.Vid.
1150 3304 1203 3356 Ro-

124 3381 201 3435 nulla
215 3401 268 3435 esee
279 3382 365 3455 possit.
376 3383 444 3436 Tum
455 3381 525 3454 quod
535 3402 590 3436 non
602 3401 641 3436 sa·
687 3385 733 3438 me'
739 3387 772 3438 de
783 3385 881 3453 l'Isle,
893 3383 1040 3455 antiquita
1046 3379 1202 3445 Romaines,

124 3461 256 3514 tisdstutu
265 3461 391 3514 videatur.
689 3476 715 3515 et
723 3462 848 3530 Adoms,
859 3461 1017 3516 Arbustum.

158 3537 235 3592 sca.
248 3539 376 3594 hautio
381 3558 474 3610 atque.
484 3539 567 3593 De-eo
574 3538 639 3595 Sue·
720 3540 917 3611 7.Ingeuir'suit
926 3549 984 3592 tom
995 3544 1065 3593 sterr'.
1073 3558 1100 3608 p.
1108 3538 1205 3606 pusilli

124 3633 181 3672 tou.
189 3616 289 3687 TrMp
300 3634 311 3690 ἦ
319 3617 364 3671 Sat
374 3629 471 3672 consus
480 3617 529 3670 Cn.
543 3618 640 3671 Leutu-
687 3619 774 3670 ammi
781 3617 876 3690 optime
883 3617 990 3670 correxit
1000 3618 1072 3670 Pine.
1082 3633 1089 3677 ς
1099 3628 1123 3666 et
1130 3615 1203 3668 Eras-

123 3699 181 3752 tum
193 3715 336 3768 augurem,
351 3695 393 3748 oui
409 3715 497 3750 census
513 3697 640 3749 maximus
686 3715 743 3747 mus
754 3713 761 3750 t
763 3695 824 3768 suit
832 3706 997 3765 resupnum
1004 3697 1096 3759 animi,
1109 3693 1203 3746 omisso

123 3774 219 3839 luerit,
231 3786 302 3828 metu
316 3786 447 3847 clangore
459 3774 493 3826 ad
507 3775 639 3828 festidium
683 3777 785 3844 pusilli.
793 3773 855 3826 Mox
860 3775 910 3826 sub
915 3793 989 3828 onere
994 3773 1137 3826 nobilitatis
1144 3787 1202 3822 cum

125 3852 186 3906 vitre
200 3851 276 3903 abeo
291 3850 429 3917 (Tiberio)
440 3863 541 3913 actum,
555 3863 595 3917 et,
610 3864 640 3906 nt
688 3851 764 3906 Grut.
781 3863 805 3904 et
823 3853 905 3906 Grou.
919 3873 949 3906 ex
967 3851 1068 3924 optimis
1086 3848 1160 3902 codd.
1179 3856 1204 3900 et

125 3951 160 3984 ue
171 3949 232 4002 quo,
246 3930 296 3985 uisi
306 3931 360 4003 ipso
373 3929 466 3982 herede
478 3945 642 3984 moreretur...
690 3931 769 4002 antiq.
781 3931 838 3983 edd.
850 3932 949 4004 praetuli
958 3930 1031 3983 alteri
1039 3927 1143 3982 lectioni
1155 3927 1204 3979 sub

127 4011 169 4064 Cl-
180 4011 212 4062 de
223 4029 254 4064 eo
267 4009 368 4084 Lipsius
380 4008 414 4062 ed
422 4009 538 4064 Tacitum
548 4011 642 4065 Amal.
690 4009 784 4061 honore
794 4030 819 4062 n.
833 4008 874 4060 Cla
885 4009 939 4064 Cic.
957 4010 990 4061 ds
1003 4008 1058 4062 ΟΠ.
1072 4009 1109 4059 lll
1118 4033 1129 4073 ,·
1140 4028 1154 4059 a
1164 4046 1173 4071 .
1188 4008 1204 4062 5

124 4090 180 4155 lv,
192 4091 234 4155 44.
691 4088 818 4160 Heusing.
829 4099 883 4141 not.
895 4087 998 4140 Consol.
1006 4088 1038 4141 ad
1049 4085 1138 4158 Polyb.
1153 4105 1183 4138 υ
1195 4117 1204 4150 ,

163 4168 188 4233 l·
203 4169 356 4238 Antequam
375 4170 452 4222 illum
466 4168 579 4222 ubertim
590 4167 646 4238 ejus
693 4166 1046 4233 3‚declsn.1‚1,tnor.
