2966 4948
443 431 537 501 ma.
566 432 606 516 1,
632 430 739 498 car.
766 429 855 496 xc·
1118 431 1185 526 ³49

116 561 227 631 dedit.
254 559 547 654 Quemadmodum
566 560 748 628 meretrix¹
768 560 815 626 ita
833 561 923 626 inter
939 559 1061 627 multos
1074 583 1109 627 se
1129 558 1185 626 di·
1211 573 1227 640 t

116 675 218 758 vidit,
230 691 268 743 ut
278 698 377 742 nemo
387 699 456 742 non
469 667 757 767 aliquod'signum
772 672 946 741 familiaris
959 675 1063 742 animi
1074 674 1182 742 ferat:

118 791 168 856 ita
185 789 246 881 qui
262 787 431 857 beneficia
445 812 505 856 sua
518 785 676 856 amabilia
688 787 762 855 vult
776 811 871 873 esse,
891 788 1080 881 excogitet,
1102 811 1188 880 quo-

108 905 220 973 ·modo
238 919 274 972 et
285 905 383 972 multi
401 904 617 997 obligentur,
637 917 671 970 et
687 919 800 971 tamen
819 902 945 996 singuli
965 903 1189 972 habeant'ali·
1273 921 1279 934 ‘

119 1019 219 1112 quid,
239 1043 306 1110 quo
320 1043 356 1087 se
373 1021 505 1088 caeteris
523 1018 717 1110 praeferant‘.
743 1023 815 1112 Ego
831 1043 912 1086 vero
928 1018 1104 1087 benefieiis
1118 1043 1188 1088 non

120 1136 279 1228 objiciam
292 1159 427 1204 moras:
448 1159 524 1227 quae
544 1158 612 1227 quo
626 1135 725 1227 plura
737 1135 932 1226 majoraque
950 1132 1097 1219 fuerint,
1112 1136 1189 1228 plus
1260 1120 1262 1124 ’

120 1251 267 1319 afferent
278 1249 399 1318 laudis.
417 1250 514 1320 Adsit
528 1265 639 1318 tamen
651 1243 821 1342 judicium
834 1278 843 1335 ς
863 1251 1080 1340 nequeenim
1094 1247 1188 1317 cordi
1214 1272 1230 1322 s

120 1391 196 1436 esse
211 1369 369 1461 cuiquam
383 1383 525 1460 possunt
538 1368 624 1436 forte
639 1393 680 1436 ac
693 1384 819 1436 temere
836 1364 925 1435 data.
943 1366 1060 1459 Quare
1071 1369 1100 1435 si
1113 1368 1190 1460 quis

121 1485 290 1552 existimat
306 1508 389 1566 nos,
411 1508 517 1574 quum
536 1485 600 1552 ista
617 1484 853 1576 praecipimus,
868 1483 1090 1576 benignitatis
1103 1485 1189 1552 fines

121 1603 291 1669 introrsus
307 1600 459 1686 referre,
488 1615 521 1667 et
539 1600 590 1667 illi
608 1601 719 1667 minus
738 1599 850 1667 laxum
870 1599 1013 1667 limitem
1031 1600 1187 1692 aperires

117 1709 168 1786 ¹ne
185 1741 365 1810 perperam
393 1717 594 1784 monitiones
621 1731 752 1784 nostras
775 1714 943 1785 exaudiat.
968 1716 1081 1806 Quam
1099 1717 1191 1784 enim

123 1833 285 1900 virtutem
299 1832 407 1924 magis
420 1826 649 1899 veneramur?
661 1831 716 1897 cui
730 1829 837 1920 magis
850 1827 1191 1898 stimulosaddimus?

118 1936 291 2038 quibusve
312 1963 380 2026 tarn
399 1948 557 2014 convenit
582 1947 656 2013 haec
680 1943 892 2026 adhortatio,
915 1969 1016 2036 quam
1038 1945 1187 2028 'nobis‚

122 2061 319 2128 societatem
339 2058 479 2128 humani
500 2061 635 2153 generis
652 2057 909 2126 sancientibus?

173 2175 253 2242 XV.
266 2172 361 2264 Quid
372 2196 455 2266 ergo
468 2189 520 2240 est
531 2174 545 2240 l
555 2173 671 2264 Quum
683 2173 726 2240 sit
738 2173 833 2240 nulla
845 2173 986 2240 honesta
1002 2173 1053 2240 vis
1065 2173 1187 2254 animi,

124 2291 257 2358 etiamsi
279 2314 300 2358 a
325 2305 418 2358 recta
442 2289 614 2358 voluntate
638 2289 785 2380 incepit,
814 2288 880 2355 nisi
906 2312 1007 2380 quam
1031 2289 1192 2368 virtutem

125 2405 247 2476 modus
265 2407 346 2476 fecit
360 2398 387 2489 ⁵,
410 2421 486 2474 veto
504 2404 742 2474 liberalitatem
760 2408 914 2496 nepotari
926 2398 954 2471 ⁴.
980 2405 1079 2476 Tunc
1095 2405 1192 2497 juvat

125 2660 257 2713 condendi
275 2661 414 2714 testamenti
428 2656 567 2727 libertate,
582 2679 638 2731 qnae
689 2659 865 2726 commendat;
879 2661 961 2722 dantis
970 2659 1039 2712 enim
1051 2661 1146 2731 jndicio
1155 2681 1195 2714 ac-

127 2741 227 2813 parenti
239 2753 291 2794 tam
302 2740 356 2794 laxa
369 2741 472 2794 nonsit.
689 2739 823 2812 cipientern
841 2757 1026 2808 nonnunquam
1039 2759 1195 2812 summopere

166 2837 187 2869 r.
205 2814 438 2885 Quemadmodum
448 2821 586 2878 meretrix,
596 2829 641 2868 ete.
691 2816 818 2868 delectari.
826 2816 893 2868 Turn
903 2816 1032 2868 concludit
1045 2816 1126 2890 Crispi
1136 2818 1198 2869 Pas-

128 2896 227 2949 hndat
242 2895 284 2948 bie
301 2895 412 2969 apposite
430 2895 529 2967 Lipsius
540 2913 642 2958 versus,
691 2894 756 2948 sicui
768 2893 861 2946 nobilis
873 2893 921 2946 viri
928 2893 1091 2968 ingeniosum
1101 2895 1197 2948 dictum

129 2993 194 3044 quos
204 2972 283 3025 Ennii
292 2992 343 3025 esse
353 2987 437 3045 putat,
448 2971 538 3025 Festus
547 2991 606 3024 vero
615 2991 639 3022 v.
690 2971 849 3035 adducendo,
868 2985 891 3025 et
904 2973 1010 3024 vetando
1022 2969 1197 3027 liberalitatem

128 3054 249 3104 adntcrar
258 3053 348 3105 Naevio
363 3051 389 3104 in
402 3050 542 3106 Tarentilla
551 3050 642 3103 adscri-
689 3051 810 3122 nepotari.
1018 3053 1023 3067 '

130 3132 170 3184 bit
179 3133 223 3198 (cl.
230 3131 351 3185 Thesaur.
358 3133 385 3184 L.
396 3129 641 3206 R.Stepbano-Ges-
723 3129 746 3181 3.
762 3129 853 3200 Quum
865 3131 901 3181 sit
909 3131 984 3181 nulla
986 3166 1026 3181 .....
1026 3131 1060 3201 se
1059 3133 1099 3182 cil.
1111 3129 1198 3196 Quum

131 3230 188 3262 ner.
202 3231 226 3260 v.
245 3210 387 3275 Datctim)
401 3227 408 3260 ε
422 3207 501 3277 Quasi
516 3209 545 3260 in
564 3207 641 3260 cboro
674 3253 675 3256 ,
690 3208 787 3270 virtus,
798 3206 937 3258 secundum
952 3206 1065 3270 Stoicos,
1079 3203 1158 3258 animi
1168 3205 1200 3257 sit

132 3287 184 3360 pila
193 3286 294 3340 Ludens
303 3287 405 3339 datatim
416 3286 458 3338 dat
466 3306 492 3338 se
500 3300 524 3339 et
532 3307 643 3338 commu·
691 3285 792 3337 habitus
810 3298 904 3338 naturae
922 3282 1000 3336 modo
1016 3298 1090 3354 atquc
1109 3283 1201 3336 rationi

132 3385 194 3418 nem
201 3366 363 3420 facit-Alium
373 3378 441 3418 tenet
449 3405 456 3426 .
465 3365 510 3418 alii
519 3365 641 3430 adnictat,

133 3441 196 3496 alibi
204 3463 293 3496 manus
301 3443 345 3496 Est
354 3455 471 3516 occupata
479 3455 528 3508 ,ast
535 3442 579 3494 alii
588 3463 643 3514 per·

133 3521 206 3574 vellit
215 3523 313 3594 pedem.
326 3521 376 3574 Alii
386 3519 429 3572 (lat
439 3519 562 3572 annulum
574 3539 643 3590 spee-

133 3601 242 3654 tandum
252 3621 259 3664 ;
268 3601 344 3654 labris
358 3600 444 3654 Alium
455 3599 557 3651 invocat
568 3618 575 3662 ;
587 3617 646 3650 oum

136 3679 187 3731 alio
199 3691 298 3744 cantat;
312 3690 423 3730 attamen
442 3676 493 3728 Alii
509 3675 552 3728 dat
566 3675 645 3747 digito

134 3755 229 3808 literas.

165 3854 188 3886 2.
194 3831 285 3905 Quam
293 3830 467 3886 nobis.Stoicis
475 3850 481 3884 :
490 3850 548 3884 nam
553 3829 646 3902 Epicu-

136 3909 174 3962 rei
184 3909 330 3964 aoeietatem
341 3908 542 3978 divellebant‚ad
550 3928 594 3961 sua
601 3909 649 3980 pri·

136 3987 218 4041 vatim
231 3989 366 4042 commoda
378 3987 492 4059 quidque
506 3989 649 4039 reserentes.

171 4067 227 4119 XV.
239 4068 310 4119 Atto.
316 4067 382 4134 Quae
389 4063 535 4139 superiorib.
548 4061 649 4137 capitib.

692 3375 873 3415 consentaneus
881 3361 979 3426 (Clade
990 3363 1089 3413 lnvent.
1100 3361 1134 3426 ll,
1142 3361 1197 3427 53);

692 3439 910 3510 sequitur,nullam
917 3437 1049 3510 honestam
1055 3438 1202 3502 animivim,

693 3518 931 3572 nullnmhonestum
939 3517 1050 3570 studium
1064 3515 1201 3569 animiesse

695 3619 781 3670 posse,
795 3597 843 3650 nisi
861 3595 928 3667 quod
942 3597 1034 3649 rationi
1051 3595 1201 3662 conveniat,
1294 3629 1305 3650 ,

694 3688 768 3746 atque
780 3675 815 3726 ita
824 3676 903 3726 virtus
914 3673 965 3726 liat.

727 3757 753 3820 4.
765 3757 897 3824 Nepotorr'.
909 3754 950 3808 Sic
961 3755 1079 3808 Erasmus
1088 3754 1114 3805 in
1122 3766 1204 3827 poste-

695 3831 761 3884 riore
778 3831 889 3885 editione
905 3831 964 3885 cudi
982 3831 1076 3903 jussite
1092 3829 1205 3902 vestigiis

697 3907 787 3961 vetusti
797 3907 890 3961 codicis
898 3949 905 3972 ,
914 3928 991 3979 quum
1001 3909 1028 3959 in
1039 3907 1121 3979 priore
1128 3916 1206 3958 esset:
1304 3911 1307 3918 ⁴

698 3999 755 4039 veto
766 3986 951 4040 liberalitatem
961 3998 1044 4040 tecum
1055 3987 1142 4054 potiri.
1155 3985 1207 4036 ln-

698 4065 768 4117 venit
780 4076 866 4138 postea
879 4064 1001 4116 Gruterus
1012 4064 1040 4116 in
1053 4061 1127 4115 codd.
1145 4061 1205 4113 Nan.

139 4142 269 4215 explicuit,
282 4143 390 4205 breviter
402 4161 470 4194 nune
483 4142 571 4216 repetit
579 4153 603 4194 et
611 4141 650 4213 ju·
700 4156 724 4194 et
734 4142 842 4204 colon..
857 4154 880 4194 et
892 4143 946 4214 jure
957 4141 1208 4214 probavit-Nepo-

138 4221 237 4273 dieinm
251 4221 279 4273 in
288 4220 531 4274 dandismuneribus
542 4219 650 4272 maxime
700 4225 762 4284 tari,
775 4220 813 4273 i.e.
822 4217 974 4273 beneficium
986 4220 1008 4271 ei
1022 4239 1073 4272 non
1084 4218 1205 4280 dandum,
