2966 4948
439 430 535 500 trs.
560 429 618 514 11,
645 431 753 498 ctu.
780 431 842 500 tv,
1110 435 1176 528 ³⁵7

110 571 234 650 genter
250 557 374 650 rogasti
388 563 396 592 ¹
414 608 423 639 ,
446 556 537 648 quod
553 557 758 651 quemquam
771 559 991 630 adhibuisti¹.
1010 563 1081 654 Ego
1095 585 1176 631 vero
1201 592 1216 624 2

110 671 262 764 gratulor
289 671 402 755 mihi,
430 670 526 764 quod
551 674 697 765 experiri
718 675 870 744 animum
899 701 1010 746 meum
1041 677 1173 746 libuit:

108 804 225 879 postea
234 786 403 880 quidquid
416 787 646 876 desiderabis,
660 805 718 858 tuo
727 787 801 886 jure
815 792 941 886 exiges.
957 787 1086 863 Semel³
1101 819 1177 864 rus-

109 897 251 970 ticitati⁴
269 921 334 972 tuae
352 905 551 999 ignoscitur.
576 931 593 969 a
615 906 672 975 Sic
689 907 837 989 efficies,
857 923 895 975 ut
911 909 1061 976 animum
1079 923 1175 980 tuum

110 1015 219 1108 pluris
235 1020 388 1102 aestimet,
409 1044 511 1113 quam
536 1019 634 1103 ittnd,
660 1019 830 1114 quidquid
847 1038 910 1105 est,
931 1022 978 1090 sd<
998 1021 1091 1115 quod
1111 1047 1174 1117 pe-

110 1128 250 1198 tendum
261 1149 413 1202 venerat.
430 1137 528 1203 Tunc
545 1148 596 1202 est
608 1157 737 1202 summa
752 1135 860 1203 virtus
872 1126 1072 1218 tribuentis,
1092 1152 1174 1205 tunc

108 1244 322 1338 benignitas,
337 1247 396 1316 ubi
412 1249 471 1316 ille
488 1250 547 1340 qui
563 1249 737 1332 discessit,
758 1249 848 1318 dicet
865 1250 930 1320 sibi
947 1277 956 1317 ι
977 1279 998 1315 a.
1010 1253 1173 1345 Magnum

107 1358 212 1428 hodic
225 1361 356 1430 lucrum
371 1363 456 1450 teci3
476 1364 571 1434 'malo
584 1365 677 1458 quod
690 1365 786 1434 illum
800 1365 901 1433 talem
919 1367 1056 1451 inveni,
1072 1390 1174 1458 quam

109 1477 138 1544 si
161 1477 419 1572 multiplicatum
441 1482 506 1549 hoc
524 1481 568 1549 ad
586 1506 642 1550 me
659 1482 725 1550 alia
739 1483 796 1551 via
810 1484 1020 1576 pervenisset
1038 1475 1071 1551 ⁵„
1087 1484 1175 1558 Huic

108 1594 184 1686 ejus
200 1597 313 1663 animu
332 1621 504 1689 nunquam
522 1621 639 1690 parem
660 1598 805 1666 referam
822 1601 977 1691 gratiam.
1001 1627 1026 1664 a·

155 1711 216 1778 tv.
237 1709 284 1778 At
300 1711 455 1804 plerique
473 1729 568 1796 sunt,
588 1715 648 1805 qui
665 1713 835 1782 beneficia
850 1717 1031 1808 asperitate
1051 1717 1175 1787 verbo·
1198 1791 1204 1808 ‚

107 1849 185 1894 rum
205 1842 239 1894 et
257 1821 460 1920 supercilio⁶
480 1831 517 1898 in
533 1829 649 1898 odium
666 1827 858 1912 adducunt,
872 1817 914 1900 co
931 1853 1085 1902 sermone
1099 1836 1172 1914 usi,

106 1964 150 2007 ea
167 1942 327 2034 superbia
342 1959 378 2011 ut
392 1945 589 2037 impetrasse
602 1945 776 2037 paeniteat.
788 1943 875 2013 Aliae
888 1946 1013 2016 deinde
1022 1965 1097 2043 post
1105 1974 1176 2019 rem

106 2058 307 2148 promissam
327 2077 515 2151 sequuntur
533 2084 636 2129 morae
652 2087 666 2145 3,
683 2059 771 2126 nihil
789 2077 902 2130 autem
919 2081 971 2130 est
989 2064 1144 2132 acerbius
1163 2115 1173 2148 ,

107 2197 212 2264 quam
231 2175 289 2243 ubi
309 2200 467 2269 quoquc,
488 2177 580 2270 quod
595 2178 803 2272 impetrasti,
823 2179 1012 2272 rogandum
1027 2197 1090 2250 cst.
1110 2184 1176 2250 Re·

144 2414 166 2446 r.
177 2393 324 2464 Diligenter
335 2402 442 2466 augusti.
452 2400 560 2452 Tantam
573 2419 616 2452 en·
664 2411 741 2452 ter.....
753 2402 784 2454 de
793 2421 844 2470 quo
854 2402 957 2468 loquar.
973 2401 1022 2454 Cui
1030 2402 1176 2476 corruptele

105 2489 162 2523 ram
171 2471 324 2542 adhibuisti,
336 2488 373 2528 tot
385 2479 471 2530 ettam
482 2477 566 2550 iungis
575 2499 615 2532 me
664 2477 785 2530 Gruterus
800 2478 943 2530 remedium
954 2497 1068 2548 quarens
1083 2497 1176 2532 emen·-

107 2548 408 2625 ambagibusappetivisti
418 2591 426 2621 ‚
440 2554 615 2626 ambivistique
663 2553 706 2606 dat
721 2571 728 2607 t
743 2553 788 2608 doc
801 2555 898 2606 adme
916 2554 1023 2622 derupta
1042 2558 1117 2620 alia,
1128 2568 1174 2608 ete.

106 2628 277 2700 potiusquam
289 2630 412 2704 petivisti,
427 2653 479 2685 uon
497 2633 580 2685 statim
593 2646 617 2687 et
665 2631 696 2682 Et
709 2629 851 2695 fatendum,
863 2629 912 2682 hoe
924 2643 967 2682 aut
975 2629 1057 2682 simile
1067 2631 1176 2701 quidhie

106 2703 253 2776 simpliciter
265 2725 306 2757 me
318 2707 451 2762 allocutus.
472 2709 564 2762 Gallie.
577 2710 617 2762 Tu
667 2706 753 2760 fuisse.
765 2709 831 2760 Nam
846 2707 1016 2760 inconstantia
1031 2709 1105 2760 codd.
1121 2727 1176 2760 non

106 2786 179 2834 m'as
185 2783 311 2848 prie'avrc
319 2787 416 2838 tantde
425 2788 569 2840 ee'reirtont'e.
664 2783 789 2856 glossema
802 2785 896 2850 solum,
909 2785 1038 2836 sedetiam
1052 2797 1177 2857 corrupte·

141 2879 164 2910 2.
175 2861 335 2913 Adhibuisti.
346 2863 364 2914 Ι.
374 2863 516 2930 advocasti,
524 2883 617 2918 mum-
665 2858 716 2910 lam
725 2860 831 2926 indicat,
838 2880 895 2926 nec,
903 2861 974 2931 quod
983 2860 1105 2913 Gruterus
1112 2880 1176 2934 pras-

106 2936 194 3008 ptiust,
211 2950 239 2989 ut
253 2939 290 2990 rei
305 2939 387 2992 solent
402 2941 513 2994 amicum
530 2941 615 2996 milii
663 2937 729 3002 iniit,
739 2936 875 2992 ilaecvet'bfl
888 2937 1023 3007 ejiciendi,
1032 2938 1079 2993 sed
1088 2959 1175 2992 emen·

106 3015 207 3067 ferendi
229 3035 302 3069 causa
325 3017 473 3082 advocpre:
502 3038 555 3070 non
579 3029 615 3071 est
664 3010 747 3068 danda
760 3035 811 3068 esse
830 3015 987 3082 censuerim,

107 3093 179 3162 quasi
197 3110 204 3143 t
223 3105 282 3146 usus
297 3113 340 3158 es,
365 3095 465 3168 egregie
478 3107 615 3148 annotante
696 3093 741 3143 Ν.
753 3095 821 3145 Attc.
834 3094 929 3146 Rursus
945 3093 973 3145 in
985 3091 1031 3146 hos
1045 3091 1177 3146 invehitur

106 3168 265 3222 Ruhnkeniu
297 3171 325 3223 in
355 3172 427 3224 ducta
448 3175 517 3246 praei
544 3193 620 3246 supra
669 3169 780 3239 quinon
794 3182 853 3224 ante
870 3170 1012 3224 concedunt
1026 3169 1177 3224 beneficium

106 3249 210 3302 laudata
220 3287 228 3314 ,
238 3269 257 3302 s.
272 3271 295 3302 v.
304 3249 421 3304 adhibeo.
667 3264 744 3315 quam
755 3246 844 3321 longas
853 3268 939 3321 preces
954 3247 1098 3301 audiverint
1106 3245 1177 3300 ami·

139 3325 297 3381 Memeffl.
303 3347 324 3380 e.
330 3349 383 3380 non
389 3327 444 3402 plus
450 3348 525 3399 quam
531 3328 617 3382 semel.
667 3345 772 3390 corum
787 3327 848 3379 etin
861 3325 907 3380 hos
919 3327 964 3398 qui
974 3339 1107 3397 postquem
1118 3346 1177 3396 pro-

105 3405 192 3458 Hodie
212 3407 259 3460 tibi
275 3407 376 3459 veniam
394 3407 436 3460 do.
458 3409 497 3460 Ne
513 3407 615 3482 posthac
666 3402 777 3464 misere·
806 3403 851 3456 diu
878 3417 1010 3456 morantur
1036 3417 1173 3474 antequam

107 3495 159 3534 um
170 3482 269 3535 facilem
280 3503 322 3534 me
333 3503 424 3554 speres.
663 3498 749 3533 revera
767 3480 827 3534 deut
844 3518 852 3546 ‚
870 3481 1010 3552 iterumque
1033 3479 1176 3552 iterumque

139 3559 339 3624 ssflurtics'tats'.
352 3561 495 3635 Opponitur
508 3561 615 3614 urbani·
662 3571 720 3610 sunt
732 3556 847 3634 rogandi.

106 3648 152 3690 tas.
167 3637 310 3705 Quinem,
324 3639 350 3703 3,
367 3641 404 3694 18.
416 3639 498 3713 pudor
509 3641 618 3713 ineptus,
699 3635 724 3689 6.
737 3637 880 3705 riispercs'ls'o.
894 3636 971 3688 Faatn
981 3636 1071 3692 nimio.
1084 3636 1172 3690 Ardua

106 3719 219 3784 ἀμουσία.
666 3714 802 3788 subrigens
813 3713 946 3786 supercilia
957 3714 1033 3768 habet
1049 3715 1177 3769 Ammian-

141 3796 166 3846 5.
182 3791 390 3863 Muilt'ph'catum
404 3797 450 3850 doe
459 3799 549 3850 adme
561 3799 619 3850 alia
666 3793 815 3848 Marcellis.
833 3794 910 3858 XVI,
929 3813 957 3848 ta
969 3813 977 3850 :
990 3798 1030 3857 τὰς
1043 3797 1114 3864 ὀφρῦς
1123 3800 1178 3848 ἂνα-

106 3873 155 3922 vr'a
173 3874 339 3938 pervenisset.
359 3875 478 3927 Ermmus
503 3886 528 3926 et
549 3872 619 3926 haud
641 3925 642 3930 ,
666 3874 748 3934 eritas.
767 3871 902 3943 Loquendi
920 3871 986 3926 hane
1000 3875 1110 3936 sormam
1125 3872 1177 3944 jam

106 3949 182 4022 pauci
200 3949 273 4001 codd.
289 3970 349 4004 mss.
366 3969 442 4004 sensu
459 3951 546 4024 proba.
567 3950 618 4004 Sed
665 3969 740 4024 snpra
756 3949 890 4023 aliquoties
899 3950 991 4023 attigi,
1003 3950 1177 4024 explicatam·

106 4027 164 4079 eod.
172 4029 236 4081 Nes.
244 4026 339 4099 aliique
347 4040 461 4101 praestant
470 4046 477 4079 ε
485 4030 615 4095 multiplo·-
665 4027 753 4081 Desid.
765 4026 878 4080 tteratdo
889 4029 923 4080 ad
934 4027 1043 4080 Martial.
1053 4028 1076 4094 l,
1086 4025 1177 4100 Epiqr.

105 4115 196 4157 catum
207 4103 254 4158 itae
265 4107 355 4157 adme
370 4107 402 4158 de
412 4125 464 4176 quo
474 4105 613 4176 loquebar,
664 4120 723 4158 ω.
741 4105 861 4176 Berglero
883 4106 915 4156 ad
934 4102 1083 4174 Alcipbron.
1101 4104 1121 4156 l.
1135 4103 1177 4170 34,

107 4194 171 4250 ιιι,
182 4181 252 4234 unde
263 4182 313 4256 pal.
321 4195 375 4236 tert.
385 4183 443 4236 tecit
452 4185 615 4252 :multiplici
664 4203 687 4256 p.
701 4186 755 4254 195.
769 4184 814 4254 ¹49
821 4181 864 4234 ed.
879 4181 1022 4254 Wagneri.
