2978 4942
293 449 360 516 518
598 475 603 486 ·
624 443 693 514 DE
716 443 1027 514 BENEFICIIS

292 597 428 644 causam
449 571 687 670 prejudicium
709 575 747 642 in
770 589 902 668 patrem
921 599 1034 644 meum
1050 575 1195 668 quaeri¹.
1222 578 1367 645 Promisi

292 717 346 760 me
373 716 518 786 peregre
543 717 613 762 uua
634 693 828 762 exiturum:
850 693 911 762 aed
928 695 995 762 iter
1008 693 1162 762 infestari
1180 693 1367 762 latrociniis

234 847 238 854 ·
291 810 487 897 nuntiatum
514 811 552 878 in
575 833 648 878 rem
668 823 871 903 praesentem
890 826 1055 880 venturus
1078 811 1173 880 sui¹:
1195 807 1258 878 sed
1275 833 1368 904 teger

252 933 268 988 3
293 926 475 1009 filiua‚aed
486 949 657 1020 puerpera
668 951 752 996 uxor
763 941 869 996 tenet.
882 925 1363 1010 Omniaesaedebenteadem,

293 1069 369 1137 quae
386 1044 526 1114 fuerunt
543 1068 649 1136 quum
666 1044 923 1139 promitterem,
951 1060 990 1112 ut
1011 1032 1242 1140 promittentia
1264 1041 1367 1110 fidem

292 1177 422 1229 teneas.
448 1159 537 1253 Quae
555 1175 668 1228 autem
690 1160 799 1253 major
815 1161 893 1228 fieri
910 1140 1053 1230 mutatio
1063 1175 1320 1260 potestequam
1338 1159 1369 1226 ai

294 1294 328 1346 te
345 1278 470 1348 malum
484 1280 596 1348 virum
610 1292 645 1346 et
661 1261 834 1371 ingratum
847 1271 1127 1372 comperi?quod
1141 1293 1305 1371 tanquam
1319 1273 1369 1342 di·
1471 1355 1472 1378 Χ

295 1416 363 1488 guo
377 1391 519 1480 dabam,
529 1393 675 1487 indigno
686 1391 839 1486 negabo,
854 1410 889 1461 et
901 1391 1071 1464 irascendi
1081 1417 1222 1486 quoque
1233 1415 1368 1462 causam

294 1507 429 1576 habebo
443 1507 617 1603 deceptus.

343 1623 510 1692 XXXVI.
526 1623 708 1716 Inspiciam
726 1639 839 1692 tamen
862 1639 897 1692 et
912 1639 1079 1716 quantum
1094 1623 1138 1692 ait
1159 1619 1204 1692 de
1217 1646 1288 1714 qno
1299 1623 1371 1716 agi·
1471 1621 1472 1638 ¹

295 1756 352 1808 tur
374 1765 383 1806 ι
406 1737 503 1814 dabit
520 1739 605 1810 mihi
622 1741 799 1810 consilium
822 1742 996 1835 promiesae
1014 1742 1065 1810 rei
1086 1738 1218 1810 modue.
1241 1742 1278 1809 si
1296 1742 1369 1809 cxi-

296 1875 400 1945 fflrum
416 1871 485 1939 eat,
502 1853 591 1924 dabo
608 1881 616 1925 ι
633 1879 701 1924 ιιοιι
719 1857 801 1948 quia
814 1855 939 1950 dignus
953 1871 1024 1936 est,
1040 1854 1101 1924 aed
1113 1857 1195 1946 quia
1207 1856 1368 1949 promiai3

295 1993 361 2040 nec
387 1985 548 2064 tanquam
569 1997 692 2042 munus
714 1970 820 2056 dabo,
841 1971 903 2041 sed
920 1972 1024 2042 verba
1041 1995 1116 2040 mea
1137 1971 1324 2054 redimam,
1338 1995 1371 2050 et

297 2111 415 2156 aurem
441 2088 526 2158 mihi
549 2083 776 2183 pervellam³3
802 2090 925 2160 damno
944 2090 1117 2185 castigabo
1142 2091 1372 2184 promittentia

298 2207 521 2275 temeritatem
538 2234 546 2273 :
564 2199 644 2277 ecce
661 2225 700 2278 ut
713 2208 825 2278 doleat
835 2202 862 2292 ⁴,
876 2225 915 2292 ut
926 2222 1042 2302 postea
1054 2206 1304 2276 consideratius
1319 2208 1371 2276 lo·

298 2323 415 2414 queris
430 2349 438 2388 :
455 2322 547 2415 quod
556 2323 672 2393 dicere
683 2324 847 2408 solemus,
863 2317 1087 2418 linguarinm⁵
1097 2323 1200 2394 dabo.
1214 2326 1251 2395 Si
1263 2325 1370 2418 majus

298 2439 385 2521 erit,
406 2462 477 2507 non
503 2442 727 2524 committam,
753 2438 1038 2534 quemadmodum
1057 2443 1227 2509 Maecenas
1244 2443 1313 2525 ait,
1337 2456 1375 2507 ut

259 2587 274 2622 a
299 2557 454 2624 sestertio
463 2549 612 2625 centiea⁶
623 2554 856 2650 objurgandus
867 2557 942 2624 aim.
955 2557 1052 2624 Inter
1061 2579 1135 2626 aeae
1146 2557 1239 2626 enim
1247 2573 1376 2626 utrum·

300 2748 424 2802 auxilium
434 2749 462 2802 in
472 2770 498 2803 re
506 2748 757 2822 judiciarietadesre
764 2748 813 2802 ali
860 2749 994 2804 temerarie
1009 2749 1199 2822 indulgendum
1211 2770 1273 2804 esse
1293 2750 1375 2804 dooet.

301 2825 343 2878 cui
357 2825 386 2877 in
396 2826 440 2880 lite
446 2828 578 2900 ntgratia
587 2827 813 2891 crimenelevetur
893 2826 917 2878 3.
928 2826 1028 2884 Auum
1035 2825 1254 2896 mihiperrellam.
1264 2828 1284 2878 l
1277 2828 1378 2900 eipse

301 2903 411 2956 hocadv
411 2908 550 2956 ocotioest.
860 2923 902 2956 me
912 2903 1072 2973 admonebo
1085 2904 1117 2957 ad
1128 2918 1274 2958 cautionem
1284 2924 1379 2977 inpos

337 3001 359 3034 ι.
374 2981 620 3049 Proejudr'eium......
614 2985 732 3050 ..queri-i.
726 2981 777 3034 ..H
791 3001 812 3034 e.
861 2982 1109 3036 nmmadhorubor
1113 2984 1276 3037 Namanrem
1284 2984 1377 3037 vellere

303 3075 383 3128 quaeri
375 3057 531 3112 'accurandi
544 3070 587 3111 aut
598 3059 730 3131 affligendi
743 3079 814 3130 quo-
861 3060 1113 3126 commonefaciendo
1130 3073 1166 3114 est
1183 3073 1209 3113 et
1225 3060 1378 3114 memoriam

304 3155 356 3205 quo
372 3135 451 3188 modo
464 3136 516 3188 mei
527 3136 602 3209 patrie
624 3155 720 3190 ansam.
863 3139 924 3190 item
936 3138 1072 3191 excitantia.
1084 3138 1153 3192 Plin.
1166 3139 1199 3190 H.
1216 3139 1251 3191 N.
1259 3139 1315 3204 xl,
1326 3137 1377 3203 ⁴5:

338 3235 360 3266 a.
371 3215 402 3266 In
413 3213 816 3284 remproesentem....sur'.1³ro-
865 3240 879 3264 a
894 3231 931 3269 est
944 3217 973 3268 in
992 3235 1051 3268 aure
1071 3215 1122 3268 ima
1140 3215 1273 3268 memoriae
1291 3216 1377 3280 leem,

304 3291 358 3366 prie
381 3291 520 3346 veniebant
541 3292 569 3345 in
592 3312 647 3346 rem
667 3304 813 3366 presentem
863 3314 939 3366 quam
948 3305 1078 3366 tangentes
1086 3294 1378 3367 antestamur.»Virgil.

305 3369 382 3436 olim,
390 3391 470 3441 quum
480 3370 566 3426 locum
574 3371 605 3424 de
613 3391 664 3443 quo
672 3382 815 3424 controver·
863 3371 952 3444 Eelog.
960 3373 1007 3434 Vl,
1019 3373 1035 3438 4
1046 3388 1074 3422 :o
1083 3369 1211 3442 Cynthius
1222 3389 1312 3424 aorem
1318 3372 1379 3426 Vel-

305 3450 343 3502 aia
355 3461 430 3515 esset,
446 3448 521 3502 oculo
539 3469 568 3502 ac
585 3447 815 3522 digitodeaignare
863 3450 926 3504 litet
939 3448 1203 3503 admonuitnNoster
1211 3449 1305 3504 iterum
1314 3451 1380 3504 inira

306 3527 408 3582 vellent.
425 3527 477 3582 Sed
494 3527 537 3581 hic
554 3546 697 3581 sermonem
715 3545 766 3580 esse
783 3526 816 3580 de
864 3530 899 3595 V,
914 3525 1178 3601 petEpist.xt21v.L.

306 3603 445 3670 advocato,
457 3605 502 3675 qni
513 3603 610 3675 alioqui
619 3604 647 3658 in
660 3603 754 3673 judicio
765 3623 816 3676 pa·
898 3609 922 3674 ζ
928 3605 994 3660 Ecce
1003 3617 1032 3658 ut
1040 3608 1134 3660 doleat.
1142 3605 1210 3659 Mihi
1218 3607 1272 3679 ipse
1283 3608 1380 3661 dicam:

306 3683 442 3736 troeinium
453 3683 539 3736 clienti
550 3696 594 3736 aut
605 3683 686 3735 emico
696 3693 748 3736 erat
757 3698 816 3752 proe·
865 3703 922 3742 eece
930 3697 958 3736 ut
968 3683 1092 3738 boe‘mibi
1104 3683 1196 3736 dolcat.
1205 3684 1323 3738 Verbum
1333 3687 1380 3740 do-

307 3759 423 3826 ιιίιιιιιιι,
442 3771 551 3833 apparet.
567 3758 606 3811 Cl'.
623 3758 724 3812 Ernesti
744 3757 817 3818 (ilat.
866 3759 916 3816 leat
926 3759 1127 3831 impersonaliter
1139 3757 1181 3811 bre
1192 3773 1338 3832 usurpatur

248 3851 255 3874 '-
309 3835 363 3889 Cic.
375 3837 400 3889 b.
413 3860 436 3889 v.
901 3837 1115 3929 &berquariam
1120 3835 1381 3910 Multamdependam

341 3916 463 3970 xxxvl.
477 3918 546 3968 Ano.
558 3885 753 3980 Attendendum
766 3933 818 3968 esse
868 3932 892 3980 et
906 3936 978 3988 quast
970 3914 1102 3992 'vectigal
1118 3935 1162 3988 pro
1181 3914 1272 3988 lingua
1287 3928 1382 3968 temere

309 4013 408 4064 qureret
400 3987 819 4066 promusremodussrtetaqumd
866 3995 959 4048 locuta.
979 3993 1017 4046 Cs.
1034 3993 1149 4048 Gronov.
1167 3994 1200 4045 ad
1219 3994 1277 4050 libr.
1294 3994 1332 4047 IV
1351 3994 1381 4048 de

309 4070 379 4126 vel'
372 4084 473 4144 ingrato
494 4071 672 4138 tribuendum,
694 4085 722 4124 nt
742 4070 820 4124 fidem
868 4091 975 4144 pecunia
985 4083 1068 4122 vetere
1072 4072 1177 4142 ‚capud

310 4169 365 4202 non
376 4148 494 4202 fefellisse
511 4151 609 4222 sapiens
620 4149 742 4222 videatur.
759 4149 820 4200 Non
901 4149 925 4200 6.
932 4148 1055 4208 Sestertio
1067 4151 1168 4202 centres.
1182 4147 1282 4222 Lipsius
1295 4163 1383 4202 monet

312 4229 383 4295 potui
391 4229 472 4284 errori
479 4241 565 4282 tamen
577 4229 603 4281 in
612 4227 686 4282 rebar
694 4227 820 4302 promissis
870 4237 956 4298 argute
976 4227 1143 4282 Maecenatem
1162 4224 1294 4294 locutum,
1313 4225 1382 4279 nolle
