2978 4942
281 489 347 574 sss
617 485 685 554 nu
709 485 1016 566 susurrans

280 621 422 694 neribus
439 621 610 690 confossus
626 635 701 704 est,
721 618 809 689 ulter
825 619 946 688 ieviter
959 616 1099 711 quidem
1113 619 1266 701 saueius,
1288 643 1348 712 pa-

281 762 337 806 res
352 739 460 807 exisse
473 736 644 820 dieantur,
660 737 815 830 quamvis
830 735 918 804 alter
935 732 1092 805 videatur
1105 735 1249 805 inferior
1262 738 1286 801 ¹.

276 897 280 912 ·
328 855 387 924 lv.
410 856 501 947 Ergo
514 877 615 923 nemo
626 853 717 922 vinei
733 866 844 946 potest
855 851 1053 934 benefieiis,
1069 852 1098 920 si
1110 851 1175 920 soit
1190 849 1350 926 ²debere,

283 970 312 1038 si
329 969 402 1038 vuit
419 969 573 1051 referre,
594 969 622 1037 si
641 964 734 1060 quod
748 964 852 1035 rebus
866 989 934 1034 non
951 982 1080 1062 potest,
1096 967 1212 1034 animo
1227 980 1350 1059 aequat.

283 1087 372 1169 Hic,
394 1110 496 1178 quam
515 1085 575 1155 diu
594 1087 631 1153 in
647 1077 732 1154 hoe³
758 1099 956 1179 permanet,
980 1109 1082 1178 quam
1101 1083 1162 1153 diu
1183 1099 1278 1152 tenet
1295 1105 1354 1151 vo·

284 1202 470 1286 luntatem,
491 1217 623 1296 gratum
642 1202 792 1270 animum
811 1202 918 1295 signis
943 1200 1131 1295 approbat:
1158 1199 1245 1294 quid
1270 1201 1356 1267 inte-

285 1331 372 1397 rest,
402 1314 447 1384 ab
470 1330 548 1386 utra
574 1329 671 1408 parte
699 1313 898 1406 munuscula
921 1313 1020 1408 plura
1039 1314 1358 1384 numerenturrTu

274 1431 393 1510 multa
404 1429 487 1500 dare
498 1446 616 1527 potes3
631 1445 667 1498 at
679 1455 743 1525 ego
757 1433 887 1500 tantum
902 1433 1058 1527 accipere
1070 1456 1207 1528 possum
1221 1459 1230 1498 ε
1248 1447 1358 1500 tecum
1466 1443 1467 1458 ¹

287 1560 353 1614 stat
370 1544 531 1629 fortuna,
553 1568 685 1622 mecum
704 1544 793 1613 bona
812 1543 989 1624 voluntass
1010 1562 1123 1616 tamen
1137 1562 1206 1614 tsm
1219 1569 1284 1640 par
1299 1543 1358 1611 tibi

288 1687 381 1748 sum,
400 1686 503 1755 quam
521 1661 634 1730 multis
648 1663 880 1732 armatissimis
891 1661 995 1746 nudi,
1013 1681 1071 1732 aut
1087 1663 1209 1732 ieviter
1221 1661 1355 1730 armati.
1469 1688 1470 1724 t

288 1781 396 1847 Nemo
423 1781 538 1872 itaque
564 1779 741 1848 benefieiis
764 1780 915 1849 vincitur
941 1805 949 1847 ε
979 1781 1063 1875 quia
1079 1796 1147 1849 tam
1166 1795 1285 1873 gratus
1311 1792 1361 1846 est
1470 1781 1471 1796 ¹

290 1897 450 1990 quisque,
461 1921 562 1990 quam
575 1897 682 1967 voluit
691 1890 719 1964 ⁴.
737 1898 822 1966 Nam
835 1897 864 1966 si
878 1913 977 1992 turpe
991 1917 1043 1967 est
1055 1898 1233 1968 beneficiis
1247 1898 1360 1976 vinci,

292 2037 360 2083 non
379 2031 512 2108 oportet
527 2040 548 2082 a
568 2013 836 2108 praepotentibus
854 2016 937 2084 viris
955 2018 1111 2111 accipere
1128 2015 1360 2094 beneficium,

292 2123 418 2225 quibus
437 2134 580 2228 gratiam
597 2133 727 2202 referre
743 2156 812 2201 non
829 2135 938 2227 possis
957 2160 965 2200 ε
982 2127 1250 2228 aprincipibus⁵
1266 2132 1361 2214 dieo,

293 2252 496 2346 aregibus,
516 2273 602 2344 quos
617 2273 657 2319 eo
675 2251 750 2320 loeo
773 2249 907 2318 fortuna
931 2251 1061 2343 posuit,
1087 2274 1125 2319 ex
1151 2275 1221 2341 quo
1245 2249 1365 2344 largiri
1475 2259 1476 2278 ¹

294 2369 399 2436 muita
415 2382 573 2462 possent,
596 2390 704 2461 panea
721 2364 901 2435 admodum
920 2382 956 2434 et
973 2367 1116 2460 imparia
1135 2364 1224 2435 datis
1242 2391 1364 2460 reoep·
1476 2346 1477 2356 ἵ

295 2484 376 2557 turi.
393 2485 506 2576 Reges
518 2496 553 2550 et
566 2481 740 2576 principes
755 2479 843 2562 dixi,
865 2481 990 2573 quibus
1008 2497 1121 2550 tamen
1134 2496 1247 2575 potest
1262 2505 1366 2576 opera

295 2600 435 2684 navari,
456 2615 490 2667 et
512 2622 658 2692 quorum
683 2597 741 2666 ilia
758 2596 925 2667 excellens
945 2599 1096 2693 potentia
1114 2621 1179 2692 per
1196 2599 1367 2667 minorum

297 2858 345 2912 sui.
357 2877 418 2911 ann.
430 2859 464 2911 U.
475 2856 505 2912 C.
518 2859 582 2928 487,
593 2871 645 2911 ant.
656 2857 716 2911 Chr.
728 2877 755 2910 n.
766 2857 810 2924 267
862 2860 1056 2932 congestioquez
1066 2859 1158 2930 quibus
1165 2859 1232 2912 hane
1241 2858 1314 2912 addit
1326 2897 1333 2919 ‚
1348 2859 1369 2910 si

298 2934 793 3009 cumJul.1.ibone‚etposteaann.256
806 2953 813 2987 :
856 2936 987 2991 benefieiis
1010 2939 1082 2991 viuri
1103 2951 1176 3012 turpe
1190 2937 1240 3002 sit,
1263 2935 1332 2988 nulli
1356 2955 1370 2987 a

299 3035 350 3086 quo
367 3033 436 3067 anno
452 3014 537 3066 navali
554 3013 641 3086 praelio
657 3013 737 3066 vietor
753 3013 814 3066 esti·
862 3016 963 3090 regibm
980 3017 1187 3092 principibusque
1197 3015 1261 3070 viris
1273 3015 1375 3070 benefi-

214 3147 219 3158 ,
299 3094 329 3145 tit
343 3093 410 3165 apnd
424 3093 568 3146 &nemum
582 3091 693 3158 Sicilie,
704 3103 728 3144 et
740 3091 813 3160 Airi—
862 3095 900 3148 eia
911 3095 1066 3168 accipienda.

299 3170 812 3242 earninvasitSedannosaquentecaptns
894 3194 917 3226 a.
941 3174 998 3228 Scit
1025 3175 1122 3229 debere.
1146 3178 1236 3228 Artem
1262 3175 1373 3228 debendi

301 3263 338 3304 est
348 3263 373 3305 et
383 3251 412 3304 in
425 3250 525 3304 vincula
536 3271 551 3303 a
562 3249 812 3323 Carthaginiensibus
860 3253 939 3305 novit.
956 3253 1056 3307 Debere
1075 3253 1178 3325 quidam
1196 3273 1250 3306 non
1266 3254 1372 3318 volunt,

300 3330 436 3402 conjectus.
771 3393 776 3402 ¹
860 3343 905 3384 aut
922 3330 1015 3384 debent
1034 3331 1125 3396 inviti,
1142 3353 1190 3386 nee
1209 3353 1240 3386 eo
1259 3345 1373 3405 tempore

336 3430 358 3462 ι.
371 3408 445 3463 Solet
453 3410 622 3478 enimfim‘...·
630 3409 742 3481 irfirior.
752 3407 810 3459 Non
848 3415 960 3484 'gratum
972 3411 1086 3463 animum
1096 3411 1297 3483 ostenduntque
1309 3431 1374 3465 non·

302 3486 498 3541 omninotamen
505 3487 573 3539 bona
581 3485 812 3559 comparatioNam
848 3490 924 3554 {daia
934 3509 988 3542 rem
998 3501 1124 3562 acceptam
1136 3489 1246 3542 solvunt.

302 3567 331 3620 hi
341 3566 386 3638 qui
397 3586 467 3640 pares
476 3567 553 3619 etism
563 3565 697 3628 dicuntur,
708 3585 751 3618 eos
760 3565 814 3617 ani·
884 3557 920 3620 ι3.
933 3567 970 3619 In
982 3568 1035 3620 hor.
1048 3568 1079 3620 ln
1091 3567 1139 3620 hoo
1154 3579 1220 3620 statu
1230 3567 1311 3620 animi
1322 3604 1330 3632 ‚
1348 3566 1374 3618 in

302 3666 346 3699 rno
358 3665 429 3717 pares
440 3645 515 3699 inisse
526 3644 665 3718 inteliigis3
677 3643 744 3696 nihii
756 3662 814 3697 am·
863 3646 911 3700 irae
921 3645 1082 3718 cogitatione.

301 3725 376 3797 plius.
389 3723 424 3776 At
436 3723 538 3776 videtur.
550 3721 577 3774 h.
591 3722 608 3774 Ι.
622 3721 719 3774 Seneca
729 3721 813 3774 dicere
897 3727 921 3790 4.
938 3724 1029 3794 Quam
1041 3726 1143 3783 voluit.
1155 3743 1232 3795 qnam
1243 3723 1298 3796 eius
1307 3723 1375 3776 bona

302 3823 345 3855 eos
368 3821 454 3854 revera
474 3819 545 3874 pares
565 3799 718 3864 diremisse,
743 3799 814 3872 quod
863 3801 978 3854 voluntas
990 3811 1056 3871 patet
1065 3799 1189 3870 valetque.

302 3880 409 3933 minime
425 3891 469 3932 est.
486 3879 519 3931 Et
534 3878 637 3931 aliunde
650 3898 705 3931 non
723 3879 816 3932 dicitur
897 3879 921 3930 5.
934 3877 1139 3946 Apn'rtcips'bus,
1154 3875 1268 3931 stellio
1279 3875 1377 3931 Seneca

302 3977 381 4029 quum
388 3956 511 4028 singulari
521 3976 604 4030 pugna
611 3957 673 4009 alter
682 3956 815 4028 permulta,
865 3955 898 4007 ad
908 3973 978 4007 snam
989 3953 1067 4027 ipsius
1079 3954 1253 4008 conditionem
1268 3967 1293 4009 et
1306 3941 1378 4008 reli-

304 4036 366 4087 aiter
375 4055 453 4107 pauca
464 4035 569 4089 vulnera
579 4034 684 4108 arripit,
697 4033 754 4088 ilios
766 4053 815 4108 pa-
863 4032 959 4084 tionem
972 4031 1006 4084 ad
1018 4033 1148 4086 Neronem
1161 4032 1296 4104 respexisse
1307 4032 1378 4085 vide·

305 4133 344 4165 res
355 4113 429 4166 exire.
864 4125 919 4174 tur,
937 4111 969 4164 de
983 4130 1033 4181 qua
1052 4111 1132 4164 Tacit.
1150 4113 1220 4163 Ann-
1238 4111 1323 4176 XIV,
1346 4110 1378 4164 53

219 4257 223 4266 Ι
338 4192 383 4242 tv.
400 4193 471 4246 Atto.
488 4191 624 4244 Conclusio
643 4205 667 4243 et
683 4188 815 4264 probatio·
864 4190 965 4264 exponit
978 4227 985 4254 ,
997 4189 1042 4242 ubi
1052 4190 1089 4242 ait
1102 4190 1199 4243 Seneca
1212 4207 1256 4242 :se
1267 4202 1305 4244 tot
1315 4202 1379 4243 tan-

307 4289 368 4336 pum
382 4287 438 4338 qua
457 4289 531 4342 supra
549 4283 683 4322 occurrunt
702 4268 815 4344 repetitio
865 4269 945 4338 tisque
954 4267 1101 4322 muneribus
1111 4268 1191 4322 obniti
1203 4269 1381 4335 debuisse,tt9.
