2906 4948
293 395 361 489 494
631 391 699 460 nn
724 377 1034 460 ononimus

341 525 444 594 XXI.
466 525 592 592 Gratus
610 523 746 590 animus
763 520 836 612 ipso
854 522 1000 590 virtuto¹
1021 520 1185 614 propositi
1205 517 1260 587 sui
1280 521 1374 611 espi-

292 661 361 712 tur.
382 644 441 712 Vis
458 643 547 710 soire
565 641 632 708 hoo
647 640 799 720 inesse,
819 659 884 706 neo
897 637 994 706 ilium
1011 637 1156 708 otssimte
1174 638 1376 729 eormmpi?

291 763 369 832 Duo
388 774 468 830 sunt
488 781 618 853 genera
634 757 723 848 grati
742 756 903 826 hominis.
925 756 1062 826 Dicitur
1077 771 1217 849 gratus,
1238 755 1303 846 qui
1319 753 1376 822 nli·

293 875 378 970 quid
396 901 463 971 pro
481 899 522 946 eo
542 873 636 967 qnod
650 887 853 966 acceperut,
876 871 1003 942 reddit.
1023 873 1089 941 Hic
1102 870 1245 942 fortasse
1258 887 1378 939 osten-

293 1007 366 1063 tare
380 1015 416 1064 so
434 1005 546 1084 potest
563 1015 571 1058 z
588 987 693 1060 haber
709 985 803 1080 qood
812 986 930 1078 jactet,
948 985 1378 1079 quod-profemtsssieitur

293 1117 428 1201 gratus,
445 1105 507 1198 qui
521 1104 612 1176 bono
624 1103 738 1174 animo
756 1102 890 1194 occepit
906 1101 1133 1182 beneficium,
1150 1100 1242 1168 bono
1255 1097 1374 1181 debes.

293 1224 359 1298 Hie
372 1222 464 1294 intra
479 1221 723 1296 conscientium
735 1217 850 1290 clusus
863 1233 933 1303 est3
946 1241 1024 1310 quae
1037 1217 1088 1288 illi
1101 1219 1311 1310 contingere
1323 1237 1379 1308 po

254 1361 269 1394 ²
294 1354 359 1408 test
375 1338 506 1412 utilitas
522 1360 562 1404 ex
579 1335 705 1406 affeetu
720 1334 869 1406 latenti?
887 1334 992 1426 Atqui
1013 1335 1090 1418 hic,
1109 1335 1211 1402 etism
1235 1334 1267 1401 si
1286 1335 1377 1401 nino

295 1455 407 1528 tacere
420 1451 508 1523 nihil
522 1466 654 1544 potest,
672 1465 789 1543 gratus
802 1465 854 1518 est
869 1475 877 1516 ε
892 1465 983 1518 amat
995 1498 1005 1530 ‚
1018 1448 1141 1533 dohet,
1156 1450 1290 1518 retem
1305 1471 1379 1543 gre

295 1572 375 1644 tium
390 1569 497 1662 eupit.
511 1565 693 1658 Quidquid
703 1565 794 1636 ultra
808 1565 996 1652 desideras,
1008 1591 1078 1634 non
1087 1555 1158 1660 ipsi
1171 1547 1307 1636 deest'.
1319 1568 1379 1634 Ar

296 1685 377 1756 tifex
387 1699 439 1754 eet
452 1685 567 1765 etiem,
580 1684 636 1752 cui
649 1683 696 1751 ad
708 1680 933 1752 exercendam
945 1697 1058 1750 artem
1067 1683 1295 1752 instmmenta
1309 1707 1379 1750 non
1443 1721 1444 1772 3

209 1867 215 1872 .
296 1799 1260 1896 suppetuntrneominusmnendiperitus‚eujusvocern
1272 1823 1379 1869 exari-

296 1917 364 1990 diri
380 1917 534 1990 fremitus
551 1915 821 2010 obstrepentium
840 1939 909 1984 non
928 1917 1024 1985 sinit.
1043 1917 1128 1984 Volo
1147 1917 1278 1985 referre
1297 1941 1380 2011 gru·
1443 1951 1444 2016 ς

298 2036 378 2107 tiam
397 2057 405 2100 t
422 2048 499 2126 post
511 2034 578 2104 hoc
590 2033 725 2125 aliquid
737 2048 893 2126 superest
906 2033 991 2101 mihi
1003 2083 1014 2117 ,
1032 2057 1101 2102 non
1113 2050 1153 2100 nt
1167 2049 1300 2127 gratus,
1319 2036 1377 2103 sed
1443 2019 1444 2076 s

258 2173 274 2224 3
298 2165 337 2226 ut
354 2141 503 2222 εοΙιιιιιιι3
526 2151 602 2224 sim.
628 2151 728 2243 Seps
744 2151 838 2224 enim
852 2167 890 2218 et
914 2151 975 2242 qui
993 2151 1140 2244 gmtium
1153 2150 1300 2232 retulit,
1323 2154 1377 2220 iu·
1443 2173 1444 2184 ³

298 2285 417 2363 grume
432 2282 511 2340 est:
528 2284 581 2348 et,
600 2269 660 2360 qui
678 2291 748 2342 non
764 2268 905 2349 retulit,
924 2282 1056 2361 gmtus.
1071 2269 1157 2334 Nam
1170 2283 1210 2334 ut
1224 2271 1377 2338 omnium

298 2384 442 2452 eliorum
459 2385 646 2464 virtutum,
668 2383 715 2451 ita
735 2383 856 2475 hujus,
877 2381 922 2450 ad
939 2384 1091 2451 animum
1106 2398 1177 2452 toto
1199 2386 1378 2452 estimatio

299 2495 488 2571 redit.'Hio
504 2503 533 2568 si
550 2503 586 2569 in
603 2499 717 2569 officio
730 2516 799 2582 est,
817 2499 988 2593 quidquid
1004 2501 1131 2582 defuit,
1150 2501 1286 2570 fortuna
1302 2527 1381 2596 pec·

246 2637 254 2674 ·‘
299 2634 365 2688 out.
379 2617 459 2714 Quo
470 2617 568 2688 modo
580 2634 631 2687 est
641 2617 788 2686 disertus
796 2617 898 2706 etiam
909 2617 968 2712 qui
982 2629 1082 2699 tecet,
1096 2618 1193 2688 sortis
1203 2621 1308 2688 etiam
1322 2623 1378 2714 qui

298 2735 499 2828 compressis
513 2735 669 2804 menibus
680 2725 706 2817 ³,
725 2733 779 2804 vel
797 2749 832 2802 et
847 2734 994 2828 alligatis
1016 2761 1023 2800 ι
1046 2759 1114 2826 quo
1129 2733 1232 2802 modo
1249 2736 1380 2829 guber-

300 2863 400 2922 nator
418 2851 519 2919 etiam
538 2852 597 2943 qui
616 2852 653 2920 in
670 2847 759 2920 sicco
773 2868 843 2934 est,
863 2853 945 2943 quia
966 2865 1205 2924 consummatae
1224 2851 1379 2920 scientie

261 2984 277 3049 4
300 2963 388 3033 nihil
403 2965 510 3046 deest,
529 2967 631 3034 etiam
645 2968 675 3034 ei
690 2963 776 3060 quid
788 2966 897 3035 obstat
910 2989 977 3058 quo
992 2967 1105 3034 minus
1118 2990 1154 3034 se
1168 2982 1291 3035 utetur
1309 2995 1317 3032 ι
1335 2969 1380 3034 its

302 3091 418 3176 gratus
431 3097 482 3150 est
495 3082 596 3150 etium
614 3084 673 3177 qui
691 3081 764 3152 vult
775 3099 924 3165 tantum,
942 3107 1007 3152 neo
1020 3083 1126 3152 habet
1138 3083 1243 3175 hujus
1257 3084 1378 3152 volun·

301 3199 379 3268 totis
396 3221 465 3266 suae
480 3199 587 3267 ulium
602 3200 730 3282 olium,
747 3224 849 3293 quam
868 3225 904 3269 se
921 3250 931 3283 ‚
952 3217 1083 3270 testem.
1106 3202 1212 3268 immo
1232 3199 1380 3294 amplius

333 3435 403 3488 xxl.
415 3437 484 3490 Ano.
494 3436 583 3490 Solum
595 3438 710 3492 animum
720 3437 746 3490 in
757 3458 814 3512 gre·
864 3457 915 3490 esse
924 3455 1056 3508 nunquam
1066 3451 1162 3512 potest3
1172 3439 1217 3492 sed
1225 3438 1300 3492 deest
1308 3441 1377 3505 loeo,

301 3511 335 3564 tis
346 3511 478 3568 referenda
487 3533 539 3568 esse
548 3516 720 3588 spectandum·
862 3518 983 3592 tempori,
993 3537 1078 3572 rerum
1091 3531 1188 3572 netum
1197 3555 1205 3584 ,
1214 3518 1378 3572 circunsta-

338 3608 358 3641 1.
375 3591 485 3647 Virtute.
495 3592 644 3646 Praestantia
652 3593 755 3646 consilii
762 3593 811 3658 sui,
862 3595 919 3658 tiis,
932 3607 978 3650 ete·
992 3595 1062 3648 Intra
1073 3595 1180 3667 explicet
1196 3611 1203 3645 ε
1219 3619 1232 3642 r
1242 3596 1303 3650 flos
1313 3597 1337 3650 si
1352 3597 1377 3652 ist

301 3665 461 3740 cogitationis
486 3680 561 3738 etque
583 3669 720 3724 voluntaris
732 3707 739 3734 ,
762 3690 813 3740 qus
862 3671 947 3726 officio
960 3669 1152 3741 sst,quidquid
1163 3671 1263 3740 defuit,
1276 3675 1378 3728 tonnus

301 3743 401 3798 unimus
412 3743 449 3794 od
461 3745 567 3818 gratiam
585 3747 743 3799 referendam
756 3747 814 3821 sgi-
862 3762 955 3822 podest.
966 3771 980 3796 ν

300 3833 359 3887 tur,
374 3821 498 3878 delinitur
515 3823 616 3877 enimus
629 3837 715 3897 gratus
726 3841 733 3877 :
743 3825 812 3880 bono
896 3827 920 3880 3.
931 3826 1047 3882 δοίιώιε.
1058 3834 1154 3902 Arguto
1166 3829 1220 3884 heo
1230 3829 1378 3884 distinctio:

299 3899 387 3954 snimo
398 3900 473 3954 debet
483 3898 624 3966 beneficia,
636 3904 729 3970 δφιίλιι.
740 3902 813 3956 Aris·
862 3909 948 3961 animo
961 3908 1025 3982 grati
1032 3927 1132 3974 summ,
1145 3910 1313 3966 resolvimus

299 3987 345 4031 tot.
353 3975 437 4032 Ethio-
448 3979 481 4032 ad
490 3978 592 4033 Nicom.
603 3979 655 4045 lx,
666 3999 688 4048 7.
894 3985 918 4050 4.
923 3985 1083 4056 Compressis
1088 3989 1222 4046 manibus·
1233 3989 1274 4044 Ds
1291 3991 1378 4044 otiosis

334 4074 357 4108 s.
373 4055 434 4110 Non
445 4060 499 4128 ipsi
508 4059 587 4111 deest.
604 4057 661 4112 Hoc
672 4070 724 4122 est,
745 4059 813 4112 deest
860 4062 968 4131 dieitur,
982 4064 1108 4138 proverbii
1114 4066 1180 4120 ioco.
1193 4067 1233 4120 cf.
1243 4067 1301 4122 Liv.
1311 4069 1377 4134 Vll.

300 4131 413 4201 quidem,
425 4134 470 4185 ssd
481 4154 534 4186 non
545 4135 636 4208 ipsiius
647 4156 698 4207 quo
706 4137 811 4208 quidem
863 4137 903 4193 13.
914 4141 1009 4195 Lucan.
1023 4143 1049 4196 11
1061 4181 1069 4208 ,
1087 4163 1146 4215 ²9²·
1156 4135 1378 4216 Astigit'iirum
