2966 4948
299 439 367 525 334
434 534 438 543 1
635 437 705 508 nn
728 437 1037 511 onnnsrcns

298 562 426 631 luntate
440 559 664 630 consisterent
678 589 687 647 3
704 585 746 630 eo
761 561 889 654 majora
904 578 1038 648 essent,
1055 586 1124 656 quo
1140 563 1267 656 majora
1280 582 1378 650 stunt,

297 703 373 772 quae
383 680 579 773 accipimus.
595 677 636 748 ld
645 694 758 748 autem
769 678 890 748 falsum
900 695 970 767 est,
983 703 1229 772 nonnunquam
1244 694 1252 728 ¹
1267 686 1382 778 magis

296 821 358 866 nos
368 796 517 890 obligat,
533 795 701 887 qnidedit
717 819 821 888 parva
833 797 1035 890 magnifice:
1052 800 1112 890 qui
1126 821 1246 893 regum
1259 823 1380 893 tequa-

294 917 345 983 rit
358 939 440 1008 opes
456 914 589 981 animo:
613 913 673 1004 qui
694 913 856 1006 exiguum
878 913 1019 1002 tribuit,
1035 915 1095 984 sed
1115 914 1291 985 libenter:
1311 921 1377 1010 qui

294 1029 505 1123 paupertatis
519 1052 588 1097 suae
605 1027 730 1096 oblitus
742 1042 811 1109 est,
828 1025 909 1096 dum
925 1051 1033 1098 meam
1046 1029 1187 1124 respicit
1201 1056 1210 1096 t
1226 1032 1288 1122 qui
1302 1055 1377 1099 non

294 1146 500 1214 voluntatem
516 1159 648 1214 tantum
657 1143 801 1236 juvandi
814 1143 955 1227 babuit,
974 1143 1035 1213 scd
1049 1145 1273 1238 cupiditatem
1287 1171 1295 1210 ε
1310 1150 1375 1240 qui

293 1262 449 1354 accipere
470 1284 505 1330 oc
524 1261 656 1353 putavit
674 1259 900 1342 beneficium,
924 1284 1031 1352 quum
1050 1259 1173 1329 daret:
1197 1263 1258 1354 qui
1277 1260 1376 1332 dedit
1475 1290 1476 1352 p

293 1389 452 1468 tanquam
478 1381 725 1468 recepturus²,
752 1375 884 1467 recepit
907 1390 1067 1466 tunquam
1095 1400 1164 1445 non
1194 1373 1371 1446 dedisset:

293 1493 353 1585 qui
368 1493 600 1574 occasionem,
620 1515 688 1583 qua
704 1489 902 1583 prodesset,
924 1505 959 1558 et
975 1482 1180 1583 occupavit³
1195 1507 1230 1560 et
1247 1495 1375 1584 quaesi-
1475 1567 1476 1582 χ

253 1637 269 1671 2
293 1610 354 1678 vit.
385 1611 511 1678 Contra
538 1609 673 1700 ingrata
695 1621 800 1686 suot,
829 1621 868 1675 ut
893 1604 986 1692 dixi,
1017 1606 1100 1675 licet
1124 1631 1162 1675 re
1190 1631 1231 1676 ac
1256 1611 1373 1701 specie
1475 1677 1476 1710 ,

293 1747 418 1818 magna
436 1724 638 1807 videantur,
659 1745 735 1814 quae
753 1719 848 1790 danti
870 1737 930 1790 aut
947 1736 1213 1814 extorquentur,
1232 1705 1294 1792 aut
1309 1750 1372 1793 ex-

292 1830 457 1924 cidunt⁴,
485 1837 660 1928 multoque
686 1837 823 1930 gravius
838 1830 850 1872 ⁵
868 1838 989 1922 venit,
1010 1837 1107 1930 quod
1126 1839 1245 1924 facili,
1267 1867 1373 1934 quam
1475 1863 1476 1868 ’

292 1952 384 2048 quod
404 1954 506 2047 plena
531 1943 649 2022 mann⁶
669 1951 961 2048 daturzexiguum
979 1969 1029 2022 est
1047 1954 1139 2049 quod
1157 1957 1193 2024 io
1212 1981 1267 2026 me
1285 1981 1372 2026 con-
1475 1935 1476 1988 l

292 2072 383 2154 tulit,
398 2068 613 2162 sedamplius
626 2092 694 2136 non
707 2069 831 2162 potuit.
848 2069 894 2138 At
904 2069 963 2138 hic
975 2071 1069 2162 quod
1082 2071 1189 2155 dedit,
1206 2098 1370 2168 magnum
1475 2087 1476 2180 J

291 2202 366 2256 est:
385 2186 445 2256 sed
459 2185 648 2270 dubitavit,
668 2184 729 2254 sed
739 2186 890 2269 distulit,
908 2187 967 2255 sed
981 2213 1087 2280 quum
1097 2188 1207 2274 daret,
1222 2193 1366 2285 gemuit,
1475 2279 1476 2288 ἵ

291 2304 353 2374 scd
368 2304 516 2398 superbe
537 2301 650 2387 dedit,
667 2301 729 2371 sed
747 2303 956 2373 circumtulit
977 2309 1004 2390 ²,
1028 2322 1062 2375 ct
1080 2307 1217 2400 placere
1235 2310 1290 2392 ci,
1311 2311 1368 2378 cui
1475 2335 1476 2404 ς

289 2418 487 2515 praestabat,
507 2418 639 2503 noluit,
659 2417 837 2486 ambitioni
857 2415 968 2502 dedit,
990 2444 1059 2488 non
1075 2422 1173 2489 mihi.

336 2537 428 2604 VIII.
450 2534 580 2605 Socrati
595 2526 607 2569 ⁸
624 2559 729 2626 quum
744 2533 848 2602 multa
867 2534 965 2603 multi
982 2560 1046 2630 pro
1065 2537 1135 2604 suis
1152 2538 1299 2629 quisque
1316 2539 1367 2607 la-

321 2755 342 2786 ι.
351 2736 548 2805 Nonnunquam
562 2737 650 2802 magis
661 2744 707 2785 stc.
721 2733 800 2784 Earn-
883 2733 907 2784 3.
922 2733 1070 2802 occupavit.
1083 2733 1365 2810 l’rercoit,praevcrtit.

286 2813 345 2866 dem
361 2812 512 2865 seutentiam
524 2811 649 2883 prompsit
659 2811 759 2863 Aristot
768 2811 800 2864 de
882 2809 906 2874 4.
912 2813 1055 2864 Excidunt.
1064 2811 1108 2864 lm
1119 2813 1187 2884 quod
1193 2834 1216 2864 r.
1232 2833 1254 2866 s.
1264 2837 1276 2884 7
1285 2815 1361 2878 dixit,

284 2889 401 2943 Moribus
412 2891 457 2950 lv.
475 2909 489 2942 2
502 2888 610 2954 med.,et
620 2888 676 2959 quis
685 2888 798 2962 pbiloso-
848 2899 876 2941 ut
886 2908 901 2940 a
913 2889 1041 2942 nesciente
1053 2891 1156 2964 accepit
1170 2891 1364 2964 Upon-Simi-

284 2966 349 3038 pbus
358 2963 433 3018 noo?
447 2965 567 3039 Exempla
575 2965 653 3018 hebes
664 2965 731 3039 epod
742 2964 797 3020 AEl.
847 2965 883 3018 lia
890 2965 966 3019 babet
976 2966 1104 3020 Plutarch.
1115 2966 1146 3020 ds
1157 2968 1250 3022 vitioso
1262 2971 1362 3044 pudore

286 3043 439 3106 v.1{.1,31
454 3056 479 3095 et
490 3042 540 3095 slis
549 3043 617 3116 'apud
629 3043 758 3097 Plutarch.
768 3043 797 3096 in
847 3065 869 3098 c.
882 3065 905 3110 7.
918 3045 976 3098 Vol.
988 3045 1015 3097 X
1027 3066 1051 3118 p.
1064 3063 1107 3116 171
1121 3047 1188 3120 Opp-
1199 3046 1305 3101 Ilutten.

286 3121 429 3172 Artaxerxe.
440 3119 579 3191 Egregium
597 3120 739 3193 exemplum
761 3133 798 3174 est
880 3125 903 3174 5.
919 3125 1044 3176 Gravius.
1060 3123 1185 3178 Ponderis
1202 3126 1361 3198 turgoiense

284 3199 351 3272 epod
366 3197 488 3271 Evangel.
502 3197 758 3265 Marc-Xll,dr-44
768 3208 793 3250 et
845 3199 960 3264 videtur,
969 3199 995 3252 b.
1006 3201 1129 3273 emejus,
1140 3202 1288 3274 pretiosius,
1299 3204 1360 3258 licet

284 3277 394 3336 Lucam,
408 3277 489 3341 XXI,
509 3278 584 3342 ¹·is
607 3277 638 3331 de
651 3277 796 3348 viduaque
845 3277 873 3331 in
891 3297 917 3330 se
934 3277 987 3330 vile
1000 3297 1030 3334 tc
1047 3297 1161 3353 parvom.

284 3356 370 3410 omnis
381 3376 426 3410 sus
440 3355 590 3430 pauperibus
602 3357 721 3422 dedsrst,
737 3369 785 3412 etc.
878 3356 904 3410 b.
913 3355 1005 3409 Facili
1012 3369 1037 3408 et
1045 3359 1359 3424 plenamonqucilirsa

317 3455 339 3487 a.
349 3435 486 3503 Tanquam
504 3445 655 3504 recepusms.
665 3436 799 3489 Omniom'
846 3447 882 3487 est
889 3452 980 3486 menos
988 3453 1046 3506 quse
1056 3435 1176 3488 sutimet
1196 3439 1303 3492 comiter
1314 3438 1356 3491 dat

283 3512 357 3566 codd.
375 3512 449 3566 lectio
469 3525 512 3565 est.
533 3513 686 3587 Negativam
706 3525 792 3568 tamen
840 3515 992 3570 munusculo
1004 3535 1012 3579 ς
1024 3515 1321 3589 pleorbsecquoemolts
1334 3534 1359 3573 et

282 3602 381 3664 prestat
402 3589 552 3644 Vincentius
585 3590 714 3646 Bellovac.
736 3592 793 3648 l.l.
842 3613 934 3666 magna
949 3592 1025 3648 simul
1041 3592 1143 3667 prebet.
1168 3596 1264 3651 Gellio.
1281 3599 1356 3652 simil.

283 3670 401 3722 Erasmus
413 3689 514 3740 quoque
527 3670 624 3737 tenuit,
638 3681 663 3724 et
674 3670 777 3744 elegans
784 3709 791 3736 ‚
842 3670 958 3744 proverb.
979 3673 1105 3740 dples‘ner
1115 3673 1210 3726 murier.

283 3759 319 3798 ert
341 3747 425 3800 lectio.
443 3747 496 3801 Sed
515 3747 560 3819 qui
582 3746 653 3801 dedit
672 3747 794 3802 beneficis
877 3769 901 3818 7.
916 3749 1089 3803 Circumtulit.
1107 3750 1267 3819 ostentarit,
1282 3768 1310 3807 ot
1328 3756 1356 3808 iu

283 3836 404 3896 tanquam
422 3838 564 3898 recepturus
579 3862 587 3891 ,
603 3825 694 3879 libenti
707 3825 794 3880 sniroo
844 3844 944 3900 pompe.
958 3826 1030 3900 Lips.

281 3903 309 3956 id
321 3906 402 3956 lucere
414 3903 478 3957 solet
487 3903 620 3976 :negative
630 3903 714 3974 itaque
725 3903 794 3956 ebes·
875 3905 947 3958 vlit
958 3906 1031 3959 Ano.
1041 3905 1115 3959 Dicta
1122 3908 1243 3982 approbet
1249 3910 1357 3964 AEsehi-

281 4001 307 4034 se
331 3995 509 4056 rectr‘potsst.
540 3980 651 4054 Egregie
679 3978 795 4034 observet
843 3983 899 4048 nis,
919 3984 965 4055 qui
982 4003 1062 4055 quom
1082 3987 1256 4061 pauperrimus
1272 4003 1352 4056 esset,

283 4057 674 4131 Grou.,sceipiendalsieeverbr
682 4077 793 4110 menon
844 4060 1166 4135 Socratissipsumobtnlit.

281 4157 309 4190 er
340 4157 410 4191 more
438 4135 576 4210 sepientis,
601 4136 646 4189 sed
672 4157 701 4189 cs
723 4155 794 4189 more
876 4137 1209 4201 &Socmstntevineens
1223 4143 1354 4199 Bellorsc.

279 4214 360 4282 vulpi.
844 4216 872 4268 in
882 4217 991 4290 Speculo
1001 4220 1060 4273 bist.
1073 4221 1124 4288 IV,
1135 4243 1167 4290 os
1176 4225 1323 4278 memoriter
1333 4245 1347 4276 s
