2906 4948
318 485 383 550 522
651 481 723 552 DE
745 481 1059 557 BENEFIclls

317 627 474 706 ceperat,
491 635 606 682 nonne
622 611 780 684 omnibus
797 613 930 682 miseris
945 637 1035 709 equo
1055 632 1091 686 et
1112 618 1187 713 igni
1204 619 1382 690 interdius·

316 732 388 797 rot¹
400 729 415 797 Ρ
425 730 543 798 Potius
556 745 607 799 est
617 734 645 813 ¹,
658 730 785 822 inquit,
801 731 892 800 intra
902 731 989 801 fines
1002 734 1102 828 regni
1117 735 1203 818 mei,
1219 736 1385 807 telitteras

315 847 396 915 istos
419 846 526 920 oculis
551 841 804 918 inscribendss³
823 847 1003 918 durissime
1019 850 1131 922 fronte
1144 853 1382 942 circumferre3

315 959 457 1032 ostende
473 985 576 1056 quam
598 988 695 1036 sacra
713 987 769 1034 res
784 966 830 1034 sit
846 989 962 1036 meuse
979 961 1171 1062 hospitalis‘
1192 996 1200 1036 :
1221 969 1385 1063 praebein

315 1075 401 1147 facie
422 1095 481 1148 tua
498 1079 682 1175 legendum
700 1079 792 1150 istud
806 1079 1002 1166 decretum,
1024 1105 1094 1176 quo
1116 1100 1263 1154 cavetur
1277 1110 1320 1154 ne
1332 1087 1386 1153 mi-

315 1217 407 1264 seros
424 1212 513 1266 tecto
531 1197 654 1290 juvare
661 1197 813 1291 capitale
832 1193 890 1266 sis·
911 1199 1022 1293 Magis
1036 1201 1102 1268 isto
1124 1203 1325 1272 constitutio
1342 1204 1386 1271 sic

245 1348 251 1354 ·
316 1309 382 1378 crit
398 1323 496 1397 ratu,
541 1334 619 1379 rum
637 1311 665 1378 si
685 1309 779 1379 illam
794 1311 831 1378 in
849 1333 895 1378 aes
907 1311 1103 1382 incidissem
1117 1307 1143 1379 ⁵.

361 1426 536 1495 XXXIX.
558 1453 576 1491 s
585 1425 705 1519 Quare
719 1449 829 1520 ergo,
855 1427 988 1520 iuquit,
1007 1430 1100 1498 Zeno
1117 1445 1233 1499 vester
1243 1422 1273 1514 ⁶,
1288 1456 1385 1524 qumn

313 1541 519 1634 quingentos
538 1538 721 1609 denarios⁷
739 1556 873 1610 mutuos
893 1541 1027 1612 cuidam
1040 1538 1275 1638 promisisset,
1298 1565 1332 1616 et
1345 1548 1385 1614 it·

311 1657 383 1726 lum
398 1681 519 1751 parum
531 1650 716 1728 idoneum⁸
734 1659 964 1752 comperisset,
977 1663 1096 1732 amicis
1108 1662 1333 1734 suadentibus
1346 1690 1384 1733 ne

312 1773 424 1859 daret,
443 1777 677 1869 perseverarit
690 1775 832 1846 credere
841 1827 852 1864 ‚
872 1778 954 1870 quia
966 1782 1196 1872 promiserat?
1209 1784 1384 1852 »Primum

310 1893 378 1960 alia
394 1889 544 1961 conditio
561 1908 612 1963 est
630 1894 667 1961 in
683 1891 834 1977 credito,
867 1893 935 1963 olio
958 1895 996 1962 in
1022 1896 1204 1968 beneficio.
1228 1901 1385 1968 Pecsmiae

312 2009 414 2080 etiam
430 2012 518 2080 male
540 2010 680 2081 credisse
698 2012 830 2084 exactio
853 2026 924 2101 est3
942 2012 1116 2108 appellere
1133 2010 1327 2086 debitorem
1346 2014 1385 2084 od

311 2123 402 2194 diem
420 2149 580 2220 possum:
598 2142 633 2196 et
645 2127 674 2195 si
689 2126 762 2196 soro
775 2129 949 2213 cesserit⁹‚
965 2131 1157 2222 portionem
1172 2130 1283 2200 ieram
1299 2159 1309 2200 z
1327 2131 1384 2201 be·

269 2272 285 2308 2
311 2243 472 2313 neficium
482 2260 518 2313 et
530 2260 637 2313 totum
645 2246 755 2338 perit,
773 2260 807 2314 et
820 2247 945 2314 statim.
962 2247 1133 2318 Praeterea
1146 2248 1215 2317 hoc
1227 2249 1310 2318 meli
1320 2252 1384 2318 viri
1435 2221 1436 2298 i

309 2377 380 2444 est,
401 2360 488 2430 illud
504 2362 585 2430 mali
606 2362 713 2458 patris
727 2361 875 2431 familiis.
895 2361 1030 2432 Deinde
1043 2387 1089 2433 ne
1105 2367 1198 2433 Zeno
1216 2365 1381 2458 quidem,

310 2481 338 2548 si
364 2479 474 2572 major
500 2479 622 2582 fuisset
645 2467 796 2561 summu,
819 2477 961 2548 credere
980 2495 1245 2573 perseverasset.
1269 2482 1383 2576 Quiu-

343 2695 562 2750 ulnmdixemt.
570 2697 621 2749 Pro
629 2696 819 2749 interdixisset.
868 2695 985 2763 puduistis
1007 2695 1172 2768 proverbialis
1192 2697 1244 2750 suit
1260 2697 1383 2770 loquendi

291 2829 295 2839 Δ
308 2773 354 2829 Nil
363 2774 412 2827 bar
427 2773 538 2826 formula
553 2773 677 2843 loquendi
693 2775 820 2843 frequen·
868 2775 957 2828 forma.
974 2773 1014 2828 Gi.
1025 2774 1116 2828 Jacobs
1130 2774 1163 2827 ad
1174 2775 1303 2828 Brunnkii
1314 2779 1384 2829 Ana·

307 2854 373 2920 tius,
383 2872 432 2924 qua
441 2852 498 2926 plus
513 2871 589 2922 quam
601 2851 700 2923 perfect.
709 2851 738 2904 in
746 2849 821 2902 indi·
868 2851 926 2906 lect·
933 2850 1104 2919 Animadul,
1116 2872 1163 2925 sp.
1171 2853 1217 2918 ²4¹
1230 2865 1256 2906 et
1265 2853 1382 2907 Addeud.

308 2930 390 2983 sativo
398 2929 475 2983 modo
487 2948 533 3002 pro
540 2927 701 3000 subjunctivo
709 2928 821 3001 ponitur.
869 2928 929 2981 vot.
940 2929 978 2980 111
989 2929 1102 3001 ejusdem
1120 2929 1202 3002 operis
1214 2930 1247 2982 P.
1264 2951 1279 2982 α
1291 2951 1316 3006 p.
1328 2930 1382 2998 tet

340 3027 364 3058 α.
373 3006 523 3079 Potiusest.
536 3003 693 3069 Proestatte‚
707 3016 753 3058 etc.
869 3005 923 3058 Nec
949 3005 1074 3061 Arabibus
1100 3006 1261 3078 incognitum
1285 3025 1382 3060 rnorem

335 3085 364 3137 ·.3
380 3085 417 3138 Te
430 3088 531 3138 litteras
547 3087 614 3136 istas
631 3085 737 3136 oculis
725 3085 821 3136 insed-
869 3083 1022 3156 dicendique
1045 3087 1171 3139 rationem
1195 3085 1272 3140 docet
1294 3085 1382 3140 schot:

306 3165 413 3216 dendus.
422 3159 520 3234 Lipsius
528 3159 578 3215 sit:
586 3157 820 3234 Qnidi'ipsisocn-
868 3161 1013 3236 Leitungeo
1023 3163 1067 3217 des
1077 3162 1256 3229 HoebsteuV,
1267 3166 1360 3239 Phi?

306 3238 358 3292 lis
350 3240 478 3314 inscripta
496 3237 582 3293 nosse?
599 3259 647 3291 nec
659 3238 753 3312 potuit,
771 3257 819 3290 nee
900 3242 925 3293 5.
935 3239 973 3292 In
985 3259 1022 3292 oes
1033 3243 1191 3294 incidissem
1203 3241 1239 3294 Ut
1249 3241 1343 3316 legem

305 3319 383 3385 solet,
397 3331 443 3372 ete.
454 3318 583 3372 Emendat
594 3317 706 3370 adeovel
708 3318 817 3390 focutis
900 3316 1023 3372 XXXIX.
1031 3320 1102 3370 Ano.
1111 3318 1239 3372 Promissa
1248 3319 1381 3374 autembe·

306 3400 346 3453 vel
357 3402 438 3453 ocius.
449 3399 501 3453 Sed
510 3398 575 3452 bene
587 3398 670 3452 babes
682 3425 715 3438 -
728 3397 765 3450 Te
776 3400 817 3450 tit·
867 3391 958 3446 uelitis
969 3393 1079 3448 multum
1091 3395 1183 3448 dietam
1195 3395 1228 3448 ab
1244 3396 1302 3450 aliis
1318 3417 1380 3471 pro-

304 3487 376 3530 tems
389 3479 457 3530 istas
469 3479 549 3530 omlis
562 3477 751 3540 inscribendos,
765 3487 817 3538 otc,
865 3471 963 3536 missis,
975 3493 1000 3525 ν.
1011 3492 1036 3546 g.
1045 3472 1156 3525 acrediti
1166 3475 1301 3548 promisso.

304 3555 375 3610 Beue
398 3555 497 3608 fluetus
520 3553 549 3607 in
570 3553 637 3607 notis
656 3573 714 3607 mss.
730 3553 817 3606 locum
898 3548 1169 3617 &Zorovestenotc
1183 3555 1279 3606 Auctor
1289 3553 1378 3610 Stoice

304 3633 374 3687 hunc
382 3633 419 3687 sic
429 3631 557 3706 exposuit:
566 3651 621 3684 uon
628 3631 707 3684 tronti
714 3631 815 3695 solum,
865 3643 938 3684 seetse
950 3629 1105 3684 notissimus.

304 3711 349 3764 sed
360 3711 440 3765 oculis
450 3709 526 3784 ipsis,
542 3709 565 3762 si
582 3706 639 3762 fieri
651 3721 745 3786 posset,
759 3709 817 3764 ins·
901 3727 923 3779 7.
939 3708 1099 3780 Quingentos
1116 3711 1247 3763 denarios.
1265 3709 1378 3781 AEquant

304 3788 448 3842 cribendas.
464 3787 563 3861 Lipsius
578 3787 606 3841 b.
620 3788 638 3842 1.
656 3788 771 3862 expedire
790 3809 816 3842 se
865 3787 918 3840 fere
931 3786 980 3851 ζοο
994 3787 1073 3838 iranc.

305 3887 358 3920 non
370 3867 462 3936 potuit.
898 3865 922 3917 8.
932 3865 1037 3918 Pomm
1051 3866 1179 3919 domurn.
1198 3865 1268 3920 Gall.
1287 3867 1377 3920 redde-

337 3947 361 4012 ζ.
376 3941 816 4010 Ostende...hospitattstnssitusis
865 3955 934 3997 retur
941 3963 993 4012 peu
1004 3945 1126 3998 solcnbte.

305 4023 486 4094 antiquissimis
514 4021 710 4114 hospitalitatem
740 4021 816 4074 attri-
898 4019 967 4094 951¹
972 4021 1033 4092 sino
1046 4021 1156 4074 cesserit
1169 4021 1279 4094 Proprie
1293 4021 1377 4075 dear-

303 4101 434 4156 buendam
443 4112 467 4155 et
476 4101 631 4154 sanctitatem
640 4101 693 4172 ejus
703 4098 816 4154 moribus
865 4099 1001 4172 genter-iis,
1010 4101 1057 4171 qui
1069 4119 1124 4154 non
1135 4097 1244 4174 amplius
1256 4097 1378 4152 solvendo

304 4178 431 4234 timeum
441 4199 493 4232 esse
502 4179 580 4232 rustsr
591 4177 701 4244 decreti,
712 4190 816 4232 constat.
864 4178 1154 4251 pares,ideoqueiorum‚
1156 4177 1376 4252 ubingenurisu

305 4257 481 4314 HiocGrsseis
492 4239 589 4316 tissi
601 4261 757 4328 τραπεζαν
731 4281 818 4328 pnes-
865 4258 980 4325 iaciunt,
996 4257 1109 4311 deserere
1124 4265 1275 4328 coguntur:
1287 4253 1375 4310 deiude
