2966 4948
463 473 763 544 PRAEFATIO.
1081 479 1142 558 ait

70 598 283 660 doctissimum
300 598 373 660 olim
394 599 555 680 praesulem
576 597 657 662 Petr.
678 599 759 664 Dan.
779 601 924 674 linctum,
938 602 1022 682 cujus
1034 599 1150 663 biblio-

72 709 195 768 thecam
204 706 332 768 Jesuitis
351 708 624 789 donatamfldeiude
644 710 676 770 iu
698 708 922 792 Bibliothecam
945 705 1074 791 Regiam
1094 708 1150 768 mi-

73 833 179 896 grasse
208 826 344 890 constat,
367 813 504 876 editionis
528 815 702 898 parisiensis
720 815 791 880 auni
821 812 920 898 1619,
946 812 1151 896 lol.'margini

76 920 308 982 observationes
333 921 412 982 inter
434 919 594 1002 legendum
619 935 738 984 exortas
767 943 837 986 suas
864 942 957 1002 quum
987 919 1175 1003 exegeticus,

77 1041 143 1088 turn
157 1028 280 1092 criticas
294 1029 504 1112 adscripsisse,
524 1027 590 1092 uou'
603 1041 759 1094 cunctatus
770 1029 830 1090 Vir
843 1028 1043 1092 amicissimus
1058 1039 1088 1088 et
1101 1024 1155 1086 ba-

78 1155 147 1194 rum
167 1117 291 1218 partem
311 1135 454 1198 eximiam
474 1136 656 1219 descriptam
672 1137 702 1202 in
720 1157 823 1200 meam
845 1134 975 1220 gratiam
994 1134 1157 1216 adjungen-

79 1245 149 1304 dam
171 1241 283 1304 statuit.
296 1239 367 1324 Qua
382 1242 567 1326 benignitate
583 1243 660 1305 nihil
675 1243 751 1304 mihi
764 1242 877 1326 gratim
891 1262 928 1304 ac
940 1240 1097 1324 jucundius
1108 1259 1159 1301 ac-

80 1351 183 1412 cidere
198 1350 314 1433 potnit,
334 1370 391 1414 nec
410 1371 536 1433 possum
557 1350 628 1432 qatiu
642 1343 769 1434 'publice
784 1351 933 1414 maximas
953 1369 1027 1430 quas
1044 1346 1159 1431 possint

80 1455 197 1536 gratias
212 1453 291 1518 Viro
311 1457 349 1520 de
372 1477 421 1518 me
444 1478 480 1521 ac
500 1455 618 1520 Seneca
639 1458 807 1541 promerito
828 1477 918 1540 agam
946 1453 1157 1534 habeamque,

83 1565 169 1644 cujus
181 1551 364 1627 beneficiam
376 1586 414 1628 eo
428 1564 553 1648 majoris
567 1565 643 1626 mihi
654 1566 862 1631 estimandum
874 1563 948 1642 luit,
965 1583 1025 1646 quo
1040 1560 1162 1623 brevius

83 1671 233 1752 temporis
244 1673 374 1756 spatium
379 1669 502 1737 Parisiis
513 1674 541 1747 ej
556 1674 741 1737 commorari
752 1672 873 1748 liceret,
883 1684 929 1733 tot
935 1670 1084 1750 tantisque
1097 1667 1161 1728 the-

84 1778 184 1840 sauris
198 1791 232 1840 ut
248 1780 385 1840 omnium
405 1779 564 1842 literarum
582 1780 714 1862 undique
732 1780 905 1855 convectis,
930 1779 971 1840 ita
993 1775 1163 1860 pracsertim

86 1881 294 1968 Geographiae
310 1885 521 1968 cujuscumque
531 1887 574 1949 ibi
585 1886 769 1950 coacervatis
785 1886 816 1946 in
831 1905 920 1948 usum
937 1903 1025 1949 suum
1039 1901 1165 1946 conver-

86 1991 185 2050 tendis
203 1991 444 2074 occupatissimo.
1073 2065 1078 2075 .

128 2094 269 2160 Contulit
282 2110 384 2160 autem
396 2096 455 2159 Vir
469 2100 598 2160 amiciss.
614 2099 732 2162 codices
746 2119 817 2160 mss.
831 2098 924 2160 hosce
946 2119 953 2154 ι
1043 2129 1045 2134 ·

129 2232 157 2264 e.
178 2201 276 2266 codd
291 2223 362 2266 mss.
394 2200 461 2264 Lat.
482 2200 577 2266 Paris.
592 2201 738 2266 Biblioth.
764 2201 841 2287 tte-g.
862 2224 913 2266 no.
926 2200 1017 2266 6630
1037 2226 1044 2260 τ
1064 2221 1166 2264 mem-

172 2309 297 2371 branae.
312 2330 380 2372 saec.
393 2307 473 2372 Xlll
488 2311 623 2393 scriptus.

130 2421 249 2496 β...
264 2449 1049 2478 .......................................
1075 2407 1167 2499 5717.

174 2520 443 2598 membranaceus,
457 2543 523 2584 saec.
536 2519 616 2582 XIV
628 2522 765 2604 scriptus.
782 2519 853 2584 Fuit
861 2520 932 2583 Jac.
942 2519 1020 2604 ttug.
1033 2521 1166 2596 lhuani,

175 2641 282 2711 postea
297 2623 456 2704 Colberti,
472 2649 542 2691 cum
563 2627 727 2712 epigraphe
745 2651 758 2687 :¹
774 2627 873 2693 Annei
887 2624 975 2689 Lucii
991 2625 1107 2693 Senece
1131 2629 1169 2689 de

176 2748 278 2797 morte
291 2731 432 2811 Claudii,
448 2737 499 2818 qni
516 2735 623 2805 dicitur
637 2736 723 2810 ludus
738 2733 881 2809 Senecae,
896 2734 975 2799 liber
991 2734 1105 2818 incipit.
1116 2731 1171 2796 Se·

177 2842 280 2922 quitur
293 2839 493 2925 Epigramma
515 2840 665 2904 Martialis
679 2838 728 2913 V,
745 2841 785 2916 Aa
798 2887 808 2918 ,
823 2841 926 2903 nescio
944 2861 1037 2923 quare
1055 2841 1173 2902 adscri-

178 2963 275 3033 ptum.
289 2948 425 3012 Bredow
442 2951 530 3013 amic.
544 2951 685 3015 monuit:
707 2977 721 3003 a
738 2948 874 3011 Omnem
890 2949 1069 3010 varietatem
1083 2948 1172 3030 hujus

181 3075 258 3118 auro
269 3069 299 3117 ct
308 3056 463 3120 coloribus
473 3055 655 3120 ornatissimi
670 3057 780 3120 codicis
791 3071 952 3140 excerpere
964 3056 1086 3140 gravior
1096 3066 1174 3116 esset

181 3165 292 3241 labor,
307 3183 399 3244 quatu
412 3163 518 3249 Augias
536 3163 685 3225 stabulum
707 3184 846 3248 purgare.
864 3162 1019 3225 Nonnulla
1034 3175 1173 3238 tautum,

181 3292 251 3351 quae
263 3283 435 3332 memoratu
449 3272 538 3354 digna
550 3290 615 3332 esse
625 3271 777 3346 videntur,
794 3267 973 3335 adscribam.
984 3267 1101 3330 Versus
1112 3268 1173 3340 illi,

182 3379 216 3440 ni
236 3375 345 3455 fallor,
364 3375 514 3441 Martialis
538 3391 605 3440 suut
623 3401 629 3435 ε
648 3395 709 3439 non
729 3377 835 3454 video,
854 3377 926 3458 quid
945 3377 1004 3439 hoc
1025 3377 1093 3439 loco
1119 3375 1177 3438 sibi
1280 3403 1283 3412 v

184 3483 288 3546 velint.
305 3512 320 3538 n

142 3613 171 3654 c.
185 3611 237 3653 uo.
258 3589 353 3676 1936,
371 3592 638 3668 membranaceus,
660 3589 735 3651 olim
757 3587 853 3654 Ducis
872 3592 908 3652 de
922 3587 1083 3666 Betbnne,
1110 3609 1178 3652 saec.

185 3695 267 3758 xlv
279 3698 415 3781 scriptus.

145 3806 175 3864 d.
189 3823 242 3864 uo.
256 3801 357 3888 6389,
376 3803 645 3874 membranaceus,
665 3825 732 3866 saec.
753 3801 833 3865 XIV
848 3803 983 3886 scriptus.

146 3933 176 3972 e.
189 3929 240 3972 uo.
260 3910 357 3986 5055,
383 3911 573 3986 chartaceus,
598 3909 672 3972 olim
686 3909 840 3982 Colberti,
857 3931 924 3973 saec.
937 3907 1032 3986 xlv,
1049 3923 1099 3970 aut
1112 3907 1176 3969 XV

188 4017 310 4079 ineunte
324 4017 462 4100 scriptus.

146 4127 235 4186 fluo.
250 4122 333 4209 6395
342 4138 352 4201 ,¹
366 4125 635 4200 membranaceus,
652 4125 760 4188 eodem
772 4138 912 4207 tempore
928 4123 1062 4206 scriptus.

148 4254 179 4316 g.
188 4253 239 4294 no.
255 4233 353 4308 8544,
370 4232 635 4312 membranaceus,
654 4253 733 4294 auno
745 4227 819 4296 Chr.
835 4230 913 4315 1389
930 4229 1075 4317 scriptus¹
