2954 4926
398 359 839 502 Ltss.v‚ctP.xV1.
922 461 923 466 t
1005 392 1007 407 *
1096 397 1155 470 561

94 573 134 635 u't
149 557 255 632 salsus
272 580 425 628 essenon
438 565 564 646 posset,
580 547 647 615 nisi
661 543 830 612 beneficio
845 537 1030 607 servitutis.
1046 536 1163 629 Ingra-
1188 539 1205 591 ss

94 701 149 750 tus
160 682 229 772 ipse
239 673 395 766 Pompeii
409 670 566 738 hostisac
580 665 708 733 victor¹
724 687 731 725 :
745 656 902 726 aGallia²
914 652 1165 744 Germaniaque

95 795 217 868 bellum
232 796 272 862 in
281 792 411 862 Urbem
427 783 647 876 circumegit,
664 794 697 846 et
711 777 769 843 ille
785 771 972 867 plebicola,
990 769 1048 836 ille
1061 792 1171 862 popu.
1250 847 1258 870 x

98 914 192 994 laris,
207 926 317 978 castra
331 908 367 974 in
382 905 475 972 circo
485 896 655 968 Flaminio
665 880 807 986 posuit3,
820 887 961 980 propius
975 909 1078 982 quam
1089 884 1173 956 Por.

99 1018 218 1097 sennae‘
237 1025 385 1091 fuerant.
403 1013 624 1108 Temperavit
646 1007 783 1102 quidem
795 1005 852 1098 jus
865 1002 1173 1097 crudelitatemque

99 1143 264 1213 victorias:
286 1136 378 1231 quod
398 1135 514 1202 dicere
529 1129 675 1208 solebat,
696 1123 850 1218 praestitit
870 1149 876 1187 :
900 1124 1072 1192 neminem
1086 1123 1177 1191 occi-

101 1258 150 1326 dit
161 1257 225 1324 nisi
236 1267 404 1322 armatum
416 1240 442 1315 ⁵.
457 1243 555 1338 Quid
569 1265 652 1334 ergo
664 1240 737 1307 est?
755 1237 879 1308 Caeteri
898 1264 991 1309 arma
1004 1239 1178 1308 cruentius

102 1385 351 1450 exercuerunt,
382 1363 631 1432 satiatitamen
660 1345 847 1462 aliquando
875 1349 1095 1452 abjecerunt:
1122 1358 1180 1424 hic

103 1485 254 1584 gladium
270 1487 339 1554 cito
354 1480 528 1563 condidit,
548 1497 724 1567 nunquam
738 1469 890 1570 posuit⁶.
905 1479 1063 1571 Ingratus
1077 1479 1182 1544 Anto·
1209 1515 1222 1565 7

103 1608 191 1674 uiusl
205 1605 242 1670 in
252 1600 453 1667 dictatorem
463 1616 575 1674 suum,
588 1585 920 1684 quemjurecaesum⁸
933 1591 1178 1684 pronuntiavit,

104 1720 340 1790 interfectores
359 1714 455 1807 ejus⁹
474 1712 511 1777 in
528 1709 723 1802 provincias
741 1725 775 1776 et
794 1709 937 1802 imperia
955 1707 1100 1790 dimisit,
1120 1732 1183 1800 pa-

105 1840 205 1906 triam
223 1858 305 1902 vero
321 1827 651 1926 proscriptionibus,
672 1826 945 1909 incursionibus,
971 1825 1071 1894 bellis
1090 1826 1185 1893 lece-

106 1971 235 2035 ratam,
255 1964 331 2043 post
350 1962 399 2015 tot
421 1944 509 2014 mala
528 1944 710 2038 destinavit
729 1967 773 2009 ue
791 1943 953 2009 Romanis
967 1941 1104 2034 quidem
1116 1937 1185 2011 ‘re-

108 2070 259 2164 gibus¹⁰,
283 2083 321 2134 ut
338 2087 413 2156 quae
430 2061 585 2141 Achaeis‚
604 2057 765 2141 Rhodiis,
790 2075 823 2126 et
846 2059 1018 2152 plerisque
1042 2060 1185 2128 urbibus

107 2304 182 2356 ducta
191 2321 214 2354 a.
225 2297 317 2374 {1594
328 2317 334 2352 :
344 2318 395 2370 qua
404 2309 503 2349 mortua
515 2295 542 2346 iu
552 2313 625 2367 purr—
673 2289 794 2362 quosdam
804 2291 930 2344 invicinin
939 2292 1071 2346 collocasse
1078 2294 1187 2348 videtur.

107 2380 179 2453 perio
189 2400 214 2432 a.
227 2379 259 2432 U.
271 2397 318 2448 70⁰
328 2415 336 2442 ,
345 2376 476 2430 vinculum
483 2373 563 2426 laxius
571 2375 625 2424 lac·
709 2369 878 2436 4-Porsennoe
888 2371 933 2441 qui
942 2372 969 2423 in
976 2373 1097 2425 laniculo
1105 2386 1184 2426 castre

108 2473 176 2526 uim,
190 2479 249 2510 mox
256 2468 358 2530 ruptum
366 2467 409 2506 est.
418 2453 485 2505 Plus.
493 2452 535 2504 vit.
544 2452 624 2503 Pom·
674 2445 768 2501 babuit.

108 2537 160 2610 prii
169 2559 190 2590 c.
200 2539 230 2607 47
243 2535 289 2610 fin,
302 2534 360 2588 Vol.
368 2535 416 2598 lll,
427 2555 451 2605 p.
459 2535 516 2592 805,
526 2531 574 2600 817
586 2551 623 2601 sq.
707 2529 730 2577 5.
742 2525 1049 2581 Neminem...armatum
1061 2549 1069 2582 :
1080 2550 1186 2582 consen·

147 2637 168 2668 ι.
180 2616 415 2668 Hostisacvictor.
428 2609 458 2662 C.
469 2609 554 2661 Julius
571 2607 626 2660 Οι-
673 2606 704 2658 tit
716 2605 782 2657 Vell.
800 2605 924 2659 Patercul.
942 2621 967 2660 et
983 2608 1047 2661 alii:
1064 2622 1087 2660 et
1103 2629 1187 2662 arma·

109 2714 177 2747 sara
191 2693 301 2766 partibus
313 2690 390 2744 Marii
400 2701 506 2750 steterat,
515 2686 624 2756 ideoque
674 2697 757 2737 torum
770 2702 828 2753 quae
843 2698 987 2757 quantaque
1004 2687 1141 2742 multitudo
1154 2688 1186 2740 ab

106 2773 238 2843 plebicola
251 2783 275 2824 ct
285 2771 444 2842 popularis:
457 2764 563 2818 summis
573 2763 625 2815 lar·
675 2785 705 2816 eo
718 2763 812 2837 praeliis
825 2763 905 2816 occisa
918 2763 967 2816 est!
980 2763 1009 2816 Si
1024 2765 1139 2817 Plinium
1153 2767 1187 2818 ll.
1226 2757 1228 2762 Α

109 2849 254 2925 gitionibus
269 2847 392 2923 populum
403 2845 452 2898 sibi
467 2841 625 2896 conciliare·
676 2845 709 2895 N.
717 2845 778 2910 vlt,
791 2847 838 2910 25,
848 2845 951 2913 andins,
968 2865 1101 2920 1,192‚ooo
1111 2849 1187 2902 inter·

109 2941 150 2981 rat
163 2946 169 2980 τ
181 2927 252 2980 Plnt.
268 2927 306 2978 tv
324 2947 348 2997 p.
362 2926 408 2994 178
427 2921 512 2975 Reisl.
524 2921 627 2992 :legem
675 2924 741 2974 lecta
754 2935 821 2974 sunt.

108 3006 239 3076 apiriam
258 3005 290 3056 de
313 3023 373 3076 agro
402 3001 532 3072 campano
552 3009 626 3070 atque
649 3073 651 3079 Ι
708 3001 1187 3077 Uestriciussibigladiumeducendi

107 3086 214 3139 Stellate
227 3083 336 3159 pertulit
348 3083 416 3134 Plut.
429 3081 468 3133 lll
479 3121 486 3148 ,
498 3075 625 3146 Sol-805,
676 3080 905 3151 semperservavit,
920 3095 1038 3155 perpetua
1050 3084 1095 3137 illa
1106 3085 1188 3138 dicts-

108 3183 130 3216 ο.
145 3166 177 3234 47
190 3201 198 3228 ,
211 3161 329 3234 Pompeii
340 3160 390 3226 rit,
676 3171 739 3210 turs.

145 3260 171 3294 a.
182 3242 210 3293 A
225 3239 328 3294 Gallio.
339 3237 450 3310 Vulgata
463 3233 538 3288 lectio
549 3239 597 3304 qui
607 3256 626 3286 a
711 3259 732 3307 7·
745 3239 885 3298 Antonius.
898 3239 938 3290 De
951 3241 1064 3295 Antonio
1080 3245 1113 3296 cf.
1127 3245 1187 3297 Plu·

111 3318 222 3372 Gallr'a.
234 3319 296 3369 Non
307 3314 401 3367 babent
411 3313 484 3366 codd·
497 3311 570 3365 Grut.
581 3311 627 3382 qui
675 3315 755 3369 tnrcbi
767 3316 810 3368 vit.
820 3317 866 3368 To.
876 3318 909 3370 V.
921 3318 1007 3372 Reisk.

108 3395 201 3449 delent
211 3413 352 3468 pronomen
364 3392 433 3463 quod
446 3405 472 3444 et
484 3391 568 3443 abesse
579 3411 626 3464 po·
708 3394 803 3448 ulan
814 3413 918 3448 coesum.
931 3399 1009 3451 Recte
1022 3399 1187 3456 obscrvstLi·

106 3488 178 3529 test:
191 3473 277 3544 itaque
289 3471 380 3524 delevi.
674 3471 752 3546 psius,
770 3473 898 3525 neminem
909 3473 958 3527 boc
968 3490 1058 3550 preter
1072 3495 1186 3536 nostrum

143 3554 170 3606 3.
181 3553 383 3606 Castras'nct'rco
391 3549 628 3617 Flaminioposur‘t·
677 3549 805 3603 memorie
819 3551 965 3622 prodidisse.
985 3555 1079 3609 Animo
1102 3571 1187 3614 tamen

107 3633 204 3686 Unum
215 3624 338 3684 Senecam
347 3628 400 3682 brec
408 3646 520 3680 narrasse
529 3625 629 3678 monuit
678 3628 786 3680 Antonii
795 3629 909 3701 maligno
921 3644 945 3683 et
956 3633 1009 3704 ejus
1016 3637 1127 3691 consiliis
1134 3661 1187 3693 non

106 3708 216 3782 Lipsius
227 3725 234 3759 t
245 3706 297 3780 ipse
307 3707 404 3770 Cesar,
419 3704 495 3758 Civil.
506 3701 595 3756 Bett'l
607 3723 628 3756 c.
678 3705 823 3759 adversatur
833 3729 839 3759 :
851 3721 876 3760 et
882 3710 952 3762 lactis
961 3725 1025 3765 certe
1032 3715 1082 3766 suis
1108 3738 1188 3788 quum

106 3784 144 3839 32
151 3823 160 3852 ,
172 3783 260 3838 scribit
269 3803 320 3835 sese
329 3821 336 3849 ,
344 3782 468 3858 militibus
477 3781 505 3834 in
515 3780 629 3854 proxime
677 3784 849 3838 interfectores
863 3807 915 3839 non
930 3757 1118 3861 persequeretitr
1141 3797 1189 3850 in-

105 3861 257 3934 municipia
270 3859 400 3928 deductis,
416 3859 448 3912 sd
462 3859 551 3912 urbem
564 3879 629 3933 pro·
677 3876 777 3936 gratnm
787 3863 901 3918 animum
913 3854 1030 3923 ostendit.
1124 3833 1131 3858 s

105 3943 221 3994 fectum·
232 3937 329 3992 Habuit
339 3950 423 3991 antem
434 3951 549 3991 senatum
561 3951 631 3992 more
714 3961 738 4012 9.
746 3943 874 4009 Intersert.
886 3944 1006 4012 esnesie
1014 3947 1069 4000 cod.
1078 3949 1138 4002 Nar.
1147 3951 1179 4005 al.

106 4021 300 4092 imperatorum
326 4019 355 4070 in
382 4019 476 4092 templo
505 4016 632 4092 Apollinis
680 4019 782 4092 vulgata
794 4020 876 4072 tenuit
886 4022 1102 4096 interfectumque
1110 3989 1190 4095 clun,

106 4096 187 4168 juxta
200 4093 306 4148 Circum
313 4095 481 4162 Flaminium,
492 4095 631 4170 etpraesidii
718 4116 754 4147 ro.
768 4097 809 4149 Ne
818 4096 950 4150 Romanis
959 4103 1064 4170 quidem
1079 4108 1180 4174 regibus

108 4193 212 4237 causa,
233 4191 280 4226 nec
296 4185 415 4244 tanquam
432 4173 524 4238 bostis,
539 4174 631 4227 milites
681 4175 724 4226 sed
738 4193 788 4230 sust
802 4175 947 4248 Cleopatra.
1185 4145 1192 4172 ⁹

247 4271 291 4336 ¹¹·
888 4312 890 4316 -
1004 4272 1050 4346 36
