2966 4948
453 493 626 566 csrur
649 494 855 564 xxxur.
1121 445 1189 598 '227

112 621 521 720 quamelioriscjusdem,
533 650 573 696 ac
585 623 932 720 praesentisquietem.
951 627 1044 698 Scias
1057 631 1139 700 licet
1150 655 1190 702 ea

116 743 257 812 domum
269 744 409 813 fulmina
418 745 774 837 esscjustissima,quoe
787 745 886 811 etiam
897 749 1049 838 percussi
1058 749 1186 820 colunt.

169 861 342 930 XXXIII.
364 861 429 930 Hic
446 861 562 953 itaque
574 861 753 953 princeps,
773 862 833 952 qui
853 861 1026 954 publicum
1039 869 1190 936 omnium

117 977 298 1046 bominum
325 977 479 1046 solatium
502 993 572 1060 est,
597 991 657 1045 aut
672 999 726 1043 me
744 977 858 1044 omnio
877 976 1019 1062 fallunt,
1043 999 1102 1050 out
1118 984 1190 1076 jam

117 1095 292 1162 recreavit
306 1094 456 1163 animum
473 1109 591 1176 tuum,
608 1108 643 1162 ct
660 1109 728 1161 tam
746 1117 869 1186 magno
887 1095 1019 1164 vulneri
1034 1101 1043 1132 ¹
1064 1099 1191 1191 majora

115 1207 281 1279 adhibuit
293 1209 446 1278 remedia
463 1235 471 1276 ε
487 1211 559 1302 jam
581 1225 615 1278 tc
634 1210 729 1276 omni
746 1209 958 1278 confirmavit
981 1211 1103 1282 modo:
1119 1215 1190 1307 jam

115 1325 237 1394 omnia
249 1327 425 1420 exempla,
441 1324 567 1418 quibus
578 1323 623 1393 ad
639 1325 743 1394 animi
760 1325 951 1417 aequitatem
968 1329 1190 1422 compellere-

117 1441 183 1522 ris,
197 1443 411 1512 tenacissima
423 1444 585 1516 memoria
596 1446 609 1476 ²
621 1441 739 1510 retulit
753 1468 760 1508 :
772 1442 844 1534 jam
856 1443 1006 1513 omnium
1020 1462 1191 1540 praeceptn

115 1557 313 1649 sapientum
330 1574 465 1627 assueta
475 1558 541 1628 sibi
553 1555 711 1626 facundia
726 1551 739 1592 ³
754 1558 928 1652 explicuit.
944 1560 1066 1628 Nullus
1076 1562 1192 1653 itaque
1217 1583 1232 1616 ²
1249 1629 1252 1640 ,

117 1671 245 1739 melius
263 1673 325 1742 bas
338 1668 559 1766 alloquendi⁴
576 1688 689 1767 partes
706 1673 941 1766 occupaverim
953 1667 1066 1742 aiiud⁵
1086 1675 1192 1744 habe-

115 1787 208 1855 bunt
225 1789 291 1858 boc
306 1786 441 1857 dicente
454 1787 589 1882 pondua
601 1788 728 1871 verba,
747 1787 843 1856 velut
858 1788 903 1855 ab
915 1789 1052 1857 oracqu
1065 1791 1165 1858 misse
1180 1820 1188 1858 ι

116 1927 255 1972 omnem
269 1905 336 1972 rim
352 1903 478 1974 doloris
495 1905 544 1972 tui
561 1901 677 1973 divina
695 1903 770 1997 ejus
789 1903 975 1974 contundet
993 1907 1187 1975 auctoritas.

117 2021 224 2088 Hunc
233 2021 348 2111 itaque
361 2019 423 2087 tibi
437 2033 518 2114 puta
535 2017 674 2103 dicero:
696 2045 712 2083 s
727 2021 804 2087 Non
814 2019 966 2089 tesolum
980 2020 1115 2092 fortuna
1128 2020 1191 2090 dc·

116 2127 292 2230 sumpsit⁶
307 2135 396 2218 sibi,
416 2159 518 2227 quem
542 2129 610 2203 tam
638 2135 739 2230 gravi*
760 2136 915 2205 afficeret
931 2137 1081 2230 injuria3
1097 2138 1192 2208 nulla

118 2251 244 2320 domus
262 2249 298 2320 in
310 2265 379 2318 toto
391 2249 475 2318 orbe
489 2264 657 2318 terrarum
669 2265 729 2318 aut
742 2267 815 2338 est,
831 2267 891 2321 sut
908 2253 973 2320 fuit
989 2254 1063 2322 sine
1077 2253 1193 2344 aliqua

117 2365 400 2457 comploratione.
420 2361 592 2434 Transibo
605 2365 757 2459 exempla
773 2365 948 2459 vulgaria,
971 2390 1047 2458 quae
1060 2369 1193 2436 etiamsi

121 2483 281 2564 minora,
304 2495 416 2547 tamen
434 2480 521 2548 mira
538 2495 618 2548 sunt
635 2507 643 2548 ι
662 2479 707 2548 ad
721 2482 822 2549 fastos
837 2497 892 2564 te,
911 2498 946 2549 et
961 2482 1101 2551 annales
1114 2507 1194 2576 per-

118 2597 248 2666 ducam
264 2594 430 2690 publicos.
461 2593 566 2665 Vides
582 2619 698 2665 omnes
717 2597 780 2665 bae
798 2596 963 2691 imagines
981 2601 1016 2681 7,
1037 2620 1114 2690 quas
1127 2600 1193 2666 im·
1217 2623 1234 2674 3

155 2833 467 2888 xxxntnnaelsuffs
473 2833 593 2888 allocutio
599 2835 633 2889 ad
682 2836 745 2889 riam
756 2835 854 2890 Seneca
865 2835 967 2889 mimice
978 2836 1067 2890 irridet
1080 2837 1107 2890 ia
1116 2840 1193 2912 Apo-

120 2913 284 2987 Poiybiurn,⁸
300 2931 377 2983 quern
394 2911 535 2980 solaturus,
552 2913 634 2966 elero-
683 2915 848 2988 colocyntosi.
868 2915 914 2968 Ille
930 2934 991 2971 sane
1009 2918 1190 2983 memoriosus,

120 3016 181 3050 rum
198 2997 312 3050 virorum
326 2994 439 3068 erumpis
455 2996 566 3068 profert,
588 2993 635 3066 qui
683 2994 767 3066 inquit
788 2995 902 3068 Lipsius,
919 2995 1081 3066 quimorem
1099 2997 1192 3068 jussam

119 3090 148 3130 et
161 3094 259 3150 magne
273 3073 414 3127 infortunia
433 3093 529 3148 magno
547 3073 634 3127 animo
683 3071 765 3126 occidi
775 3071 850 3146 paulo
860 3073 1059 3146 postrequisivit.

121 3167 317 3297 μᾞῳᾜ.
331 3233 431 3306 Nempe
447 3250 524 3301 quem
542 3229 635 3283 vulnus
683 3149 940 3298 eoiiiewfbibbt
950 3152 1194 3304 IinngtdsImtiIubaan

123 3325 199 3366 mum
212 3321 257 3362 est·
683 3307 776 3370 fuisse,
794 3319 924 3380 spumante
939 3307 1019 3373 rictu,
1039 3308 1120 3381 eapite
1137 3319 1192 3360 tre-

157 3411 183 3444 n.
203 3389 382 3442 Tencct'srr'mo
397 3389 530 3442 nerunt.
540 3385 636 3438 Fatuus
682 3386 755 3438 mulo
769 3386 796 3438 in
809 3405 969 3457 quocumque
982 3399 1047 3439 actm

123 3470 198 3523 enim
207 3467 252 3520 ille
259 3467 387 3542 prineeps,
395 3463 440 3536 q'ni
447 3476 513 3518 totus
523 3463 553 3516 in
560 3462 636 3537 nugis
716 3466 740 3531 4.
750 3465 918 3534 Attoqumdt.
927 3467 979 3519 Pro
987 3468 1141 3519 mosolnndr'
1146 3503 1154 3531 ,
1164 3477 1193 3519 nt

124 3562 201 3614 eret,
217 3559 304 3600 eontn
320 3530 507 3598 Grammaticos
524 3555 567 3595 aut
585 3543 637 3595 So-
683 3563 758 3618 supra
768 3542 871 3596 Consul.
881 3543 913 3595 ad
924 3543 1000 3596 Hele.

125 3627 223 3700 pbistas
242 3621 403 3695 disputabat,
425 3622 485 3676 dum
509 3618 592 3674 liberti
613 3631 638 3672 et
719 3624 743 3674 5.
756 3623 851 3675 Aliud.
864 3619 993 3688 saiand..
1012 3641 1095 3692 quom
1106 3623 1132 3672 si
1141 3621 1194 3674 hac

123 3724 192 3758 uxor
205 3714 324 3776 egerent,
340 3713 456 3774 raperent
465 3711 565 3752 cuncte.
575 3697 638 3752 Bel·
685 3703 743 3768 iprr
751 3699 901 3767 proferrem·

126 3781 212 3835 Iulum
225 3779 376 3842 unciaru,
391 3798 468 3851 quem
482 3797 567 3831 rerum
583 3775 638 3830 bu·
719 3777 920 3848 §.Descripsit
937 3777 1192 3851 Emultiesumpsit,
1241 3763 1245 3780 ⁸

125 3855 639 4009 ssffinffilssffi‘ssssffiffi
685 3857 963 4006 Ρωγρῖἓιᾙὲὲειξεέεῑ
971 3934 1094 3987 Sciebant
1105 3933 1194 3988 Romae

125 4015 295 4090 ponderaret,
309 4027 397 4086 quater
407 4013 499 4067 millies
507 4013 639 4068 Narcissus
685 4035 800 4087 proceres
807 4027 832 4067 et
838 4013 929 4068 illustri
941 4011 1059 4066 irrorati
1070 4011 1194 4084 imagines

125 4092 277 4156 curabam
296 4092 356 4144 dnm
373 4091 539 4144 litterasduss
547 4104 590 4145 sut
602 4104 639 4144 ter
687 4089 1196 4164 majoruminstrioponere‚neentiques

125 4169 264 4242 aipbsbeto
284 4169 421 4242 adiiceret,
444 4171 510 4225 Silio
529 4169 640 4224 nubebat
687 4168 786 4222 virtutis
812 4168 923 4242 exempla
943 4166 1196 4233 obsolescerent‚.ast

127 4248 275 4301 mulina.
296 4248 415 4322 Ejusdem
434 4261 520 4302 eontn
536 4267 639 4302 memo·
687 4247 769 4321 gentis
781 4247 855 4302 decus
866 4248 1046 4303 obscuraretur.
