2966 4948
480 537 651 604 curru
676 539 793 608 xm.
1098 548 1162 636 295

151 671 250 736 Xlll.
269 667 506 737 Delectabatur
520 667 676 736 laudibus
686 672 755 738 suis
764 674 942 760 Claudius,
957 689 991 742 et
1007 674 1167 766 cupiebat

105 787 234 854 diutius
246 801 409 878 spectare.
426 784 540 878 Iujicit
552 781 602 850 illi
617 807 751 854 manum
764 791 969 883 Talthybius
982 792 992 822 ¹
1008 786 1164 875 deorum,

105 919 139 970 et
157 904 264 971 trahit
277 893 389 994 capite
405 900 582 981 obvoluto,
598 921 641 967 ae
660 903 827 992 quiscum
846 907 953 999 possit
965 927 1162 997 agnoscere,

105 1041 168 1111 per
185 1041 342 1110 campum
367 1018 550 1085 Μιιιῑὶιιιιιε
575 1031 610 1084 et
631 1016 722 1084 inter
740 1019 894 1089 Tiberim
919 1033 954 1088 et
979 1021 1069 1088 viam
1093 1035 1165 1088 tec·
1210 1033 1215 1042 “

105 1151 171 1200 tam
188 1138 202 1167 ²
223 1130 399 1200 descendit
421 1129 465 1198 ad
489 1119 628 1199 inferos.
656 1131 890 1204 Antecesserat
908 1137 979 1227 jam
1001 1157 1168 1226 compen-

103 1247 212 1314 diaria
228 1239 312 1313 νἰιι3
332 1238 535 1313 Narcissum
557 1243 717 1328 libertus,
737 1249 783 1316 ad
799 1269 976 1344 pau-ouum
996 1245 1168 1339 excipien-

104 1363 207 1442 dum,
229 1377 263 1428 et
278 1361 427 1428 'venienti
445 1357 591 1440 nitidare,
612 1372 650 1427 ut
666 1371 739 1430 emt
754 1390 775 1432 a
792 1365 928 1434 balineo
942 1357 973 1444 ⁵,
998 1363 1165 1442 occurrit,

105 1497 140 1548 et
157 1481 206 1547 ait
222 1507 230 1543 ι
248 1477 344 1570 Quid
360 1474 409 1544 dii
424 1477 469 1544 ad
482 1468 661 1544 Ιιοιὶιιιιι6
675 1479 691 1545 i
704 1481 859 1552 Celerius
873 1484 884 1548 i
898 1488 907 1530 ⁷
923 1482 1062 1571 Jinquit
1073 1481 1167 1546 Mer·
1195 1529 1209 1560 2

104 1690 232 1745 Fruiuus
250 1699 286 1742 est
297 1679 424 1740 vasculum
437 1687 546 1740 buxeum
558 1685 613 1740 lou·
662 1688 859 1744 snserit-essu
873 1686 1169 1764 codd.psris.u.e.h.non

102 1787 164 1838 gum
175 1779 201 1819 ct
209 1779 285 1828 teres,
294 1785 308 1817 e
317 1784 367 1836 quo
375 1764 507 1816 mittuntur
516 1775 614 1815 tessere
663 1775 804 1818 rectum-
815 1769 898 1820 Viam
906 1767 984 1820 ccccl.
992 1763 1169 1817 sacramlnter

103 1845 147 1897 rel
162 1844 207 1896 tali
222 1842 252 1896 ἱιι
265 1843 384 1897 aluum.
394 1843 467 1894 Idem
478 1854 503 1893 ct
514 1842 613 1914 Pyrgus
662 1842 803 1898 haur'viam
815 1859 839 1898 et
848 1845 961 1898 Tiberim
972 1852 1170 1916 eratportaster·

102 1923 159 1974 sive
165 1921 299 1976 Turricula
309 1958 316 1984 ,
328 1919 397 1991 quud
409 1917 518 1992 effigiem
530 1931 613 1970 rotun·
663 1923 759 1974 coraria
771 1937 795 1977 et
807 1923 894 1978 duetus
907 1923 1057 1978 cloacarum.
1071 1917 1107 1970 lbi
1117 1917 1170 1968 ita-

104 1999 144 2054 ‹lae
153 1999 280 2054 turriculae
288 1997 401 2069 (πύργον)
411 1999 614 2072 praeberet-Tum
663 2019 710 2069 que
727 1993 829 2052 Claudii
846 1999 978 2053 descensus
992 1995 1108 2050 sordidus
1124 1994 1172 2046 luit

104 2099 137 2129 ne
162 2097 225 2147 quos
254 2077 326 2129 bolos
352 2077 445 2129 vellent
472 2075 609 2138 aleatores,
661 2077 692 2127 ad
707 2077 810 2130 inferos]

101 2154 188 2208 fallaci
203 2166 353 2208 manuamc
372 2153 522 2227 compositos
540 2152 611 2206 lacib
659 2159 663 2170 '
693 2156 718 2206 3.
737 2157 939 2224 conpendiaria
957 2160 1010 2208 uela·
1026 2149 1170 2204 Adlnferffl

102 2236 226 2305 jethran!
234 2272 244 2300 s
251 2234 319 2286 inlus
328 2232 414 2302 sulp-m
422 2244 551 2286 excavatus
561 2243 612 2283 erat
660 2234 840 2299 descenderat,
855 2236 915 2306 quia
927 2233 993 2288 nulli
1006 2233 1116 2286 caelestes
1125 2229 1171 2280 ho·

104 2311 248 2384 gradatim,
263 2310 465 2384 emculptueque,
488 2321 517 2360 ut
527 2307 612 2380 agitati
662 2334 734 2369 nores
748 2314 771 2366 ei
780 2313 868 2368 llomae
880 2313 973 2366 decreti
985 2352 992 2376 ,
1007 2308 1119 2381 requeis
1130 2327 1173 2380 pa-

105 2389 149 2440 tali
163 2389 189 2442 ia
201 2389 324 2460 graduum
335 2383 465 2461 superficie
478 2383 612 2438 offenden-
665 2391 725 2443 riter
735 2411 762 2443 ac
773 2389 892 2444 Claudius
904 2390 987 2442 statim
1001 2399 1170 2462 postmortem
1221 2404 1231 2420 ³

104 2478 141 2520 tea
154 2465 343 2528 volutarentur,
360 2463 527 2532 incertiurque
537 2462 614 2532 jactus
663 2455 744 2520 iverat
754 2470 780 2519 in
790 2467 930 2540 Olympum
942 2468 1152 2542 peregrinatum)

105 2555 175 2594 esset
187 2541 442 2596 Amou.:«Vidimus
452 2540 613 2611 etquoudam
697 2546 720 2610 4,
733 2545 883 2598 Narcissus.
897 2547 1018 2596 Famosus
1029 2541 1132 2596 Claudii
1141 2538 1172 2590 li·

102 2619 195 2672 tabulae
210 2620 344 2672 certamine
360 2619 438 2690 longo
452 2617 549 2672 Omnes
567 2617 612 2686 qui
661 2621 745 2674 bertus
756 2640 762 2668 :
775 2622 818 2694 qui
831 2622 875 2673 etsi
887 2634 944 2688 post
954 2620 1054 2673 Claudii
1066 2630 1171 2670 mortem

101 2701 203 2752 fueraut
221 2717 376 2750 enumerasse
396 2696 476 2750 bolos.
499 2695 609 2748 Alternis
661 2697 804 2751 interiectus
818 2697 865 2760 sit,
888 2709 974 2753 auctor
985 2710 1068 2750 tamen
1080 2695 1170 2768 lingit,

103 2775 201 2828 vicibus
209 2794 264 2846 qun
275 2774 441 2848 praecipitante
450 2786 532 2826 rotatu
542 2775 610 2826 Fun·
659 2776 800 2829 Narcissum
812 2779 898 2828 eodem
907 2789 1017 2848 tempure
1025 2775 1123 2826 obiisse.
1133 2772 1173 2827 Cf.

104 2855 170 2906 dunt
180 2855 276 2908 excussi
284 2875 328 2928 per
340 2872 399 2906 cava
410 2853 476 2906 buxa
491 2852 609 2921 gradus.»
660 2852 739 2905 Ilion.
751 2853 819 2906 Cass.
830 2855 886 2918 Lx,
896 2853 1022 2921 disfacit.
1031 2854 1098 2904 Anu.
1109 2847 1158 2901 Xll
1165 2888 1172 2916 ,

136 2929 209 2984 xllt.
229 2933 301 2986 Asu.
323 2929 424 2982 Claudii
442 2932 564 2982 adventus
584 2928 611 2984 in
661 2933 706 3003 69.

117 3009 225 3061 Oreum.
695 3012 717 3062 5.
735 3009 842 3062 Nitidus
845 3047 886 3064 .....
895 3011 1005 3062 balmes.
1019 3009 1113 3060 Lucem
1127 3005 1167 3056 al-

140 3106 162 3138 ι.
174 3083 329 3154 Talthybius
339 3087 497 3156 deum,el.
506 3084 541 3134 ’l'l
549 3101 613 3136 nun·
662 3087 745 3140 lundit
757 3087 809 3138 Diu
819 3086 885 3140 Cass.
896 3087 951 3154 LX,
962 3086 1011 3150 34,
1024 3086 1116 3158 quippe
1129 3089 1176 3158 qui

105 3169 159 3218 tius
168 3176 224 3235 post
233 3165 354 3228 morum,
367 3159 434 3232 quod
443 3179 530 3214 omues
540 3159 613 3212 codd.
663 3175 746 3214 narrat
755 3202 762 3227 ‚
772 3162 934 3228 Narcissum,
947 3159 1066 3214 smdeute
1076 3163 1166 3236 Agrip-

105 3241 211 3305 dedere,
236 3261 294 3297 cum
325 3239 458 3296 Grouovio
490 3237 612 3310 expunxi,
663 3239 780 3314 pina,in
790 3239 956 3310 Campaniam
968 3239 1108 3312 proiectum
1122 3261 1173 3292 esse

105 3319 199 3392 quippe
217 3318 262 3390 qui
274 3317 380 3386 pulchre
397 3317 503 3388 judicat,
518 3315 615 3370 addita·
664 3317 694 3370 ad
707 3316 797 3372 balnea
807 3317 958 3381 (Baiarum,
969 3317 1170 3382 utvideturlad-

107 3412 223 3452 meutum
245 3417 297 3452 esse
318 3396 465 3471 interpretis.
480 3396 615 3468 Eleganter
663 3413 747 3446 versus
757 3391 909 3466 podagram,
921 3412 1027 3462 quacum
1041 3395 1170 3448 conflicta-

105 3463 264 3526 Mereuiium
280 3486 353 3530 vocat
368 3471 532 3546 'l'altlrybium
549 3472 616 3524 Deo·
663 3471 745 3534 batur,
752 3470 954 3524 sumendalnde
968 3491 1026 3524 mox
1037 3473 1114 3525 redux
1126 3493 1171 3526 as-

105 3571 165 3604 ram
177 3590 185 3617 ,
207 3551 267 3622 quia
277 3549 297 3604 is
309 3571 338 3603 eo
349 3571 454 3602 munere
465 3549 615 3622 fungebatur
663 3571 722 3624 pera
734 3550 845 3604 custodia
863 3563 889 3604 et
905 3550 1049 3603 necessitate
1062 3565 1170 3604 extrema

108 3625 177 3680 inter
199 3629 274 3696 deos,
301 3649 352 3700 quo
380 3626 529 3700 Talthybius
551 3625 616 3682 inter
665 3630 697 3682 ad
707 3627 1169 3702 mortemagebatur,'l'acitoreierente

108 3705 213 3760 Graecos
230 3707 262 3759 ad
276 3703 387 3773 Troiam.
408 3703 443 3755 Ut
453 3701 616 3776 Talthybium
665 3704 714 3758 loe.
725 3703 792 3758 laud.

107 3803 180 3837 versa
192 3783 248 3836 vice
265 3781 342 3856 possis
357 3801 445 3835 vocare
461 3780 617 3834 Mercurium
698 3779 722 3833 6.
737 3779 812 3850 Quid
820 3782 859 3832 dii
859 3819 897 3836 .....
912 3783 1042 3848 leminea,
1055 3783 1172 3836 etc-Nar·

108 3861 269 3914 Graecorum.
286 3859 379 3912 Proust
392 3879 492 3931 quoque
510 3858 619 3912 Souan-
665 3859 741 3911 eissus
754 3857 839 3927 itaque
853 3858 999 3932 apotheosin
1017 3861 1069 3931 jam
1080 3861 1170 3912 laetam

108 3936 176 4009 gius.
666 3954 717 3987 csse
729 3945 840 3986 noverat.

143 4035 167 4066 a.
200 4011 282 4065 Vsum
298 4023 404 4078 urtam,
429 4032 482 4064 noa
503 4022 615 4078 rectum,
700 4032 721 4080 7.
735 4011 846 4064 Celerius
857 4014 874 4063 i.
886 4012 1086 4086 Reposuiecod.
1097 4012 1171 4086 paris.

108 4105 138 4144 ut
159 4104 195 4144 est
219 4089 247 4143 in
265 4091 368 4143 edition.
390 4111 454 4144 rom.
477 4103 500 4142 et
517 4091 614 4142 Erasm.
666 4114 688 4140 α.
698 4087 783 4141 Editio
794 4105 927 4143 romanaet
937 4091 1174 4144 Erasmuslrabent:

105 4170 179 4223 111ιιι1
199 4168 339 4221 detendunt
357 4170 449 4221 lunius
462 4181 486 4220 et
500 4167 614 4220 Gronov.
670 4166 783 4218 Celerius
789 4169 931 4234 praecedite.
940 4169 1020 4220 Antea
1032 4186 1039 4219 ι
1049 4171 1173 4230 Celerius,

107 4271 138 4302 ea
156 4247 252 4300 Ovidis
264 4259 287 4300 et
302 4247 409 4301 Martial.
420 4247 499 4312 Vlll,
515 4247 560 4312 75,
575 4245 619 4296 ub't
668 4247 760 4312 iuquit.
