2966 4948
435 491 603 562 carun
628 491 781 568 xmx.
941 475 944 486 '
1078 520 1145 585 219

68 645 177 714 quum
197 621 308 706 visum
326 635 378 692 est
400 621 548 707 deinde,
567 625 726 716 repetiit,
747 648 812 693 nec
830 640 921 695 tuam
942 627 977 692 in
996 649 1036 694 eo
1051 628 1147 695 satie-

69 755 175 806 tatem
206 753 320 806 secuta
347 752 400 806 cst
413 741 444 820 ¹,
467 737 527 808 sed
545 763 638 816 suam
660 740 783 834 legem.
811 741 847 810 Si
871 742 949 834 quis
966 743 1146 835 pecuniam

70 852 236 922 creditam
251 851 391 920 solvisse
413 876 450 922 se
469 852 609 924 moleste
624 855 735 936 serat,
753 878 827 928 eam
844 857 1033 948 presertim
1050 855 1148 948 cujus

71 991 174 1036 usum
197 968 383 1061 grattsitum
411 971 610 1062 acceperit,
632 993 746 1048 nonne
765 967 913 1061 injustus
935 967 1148 1038 habebitur?

71 1083 180 1176 Dedit
192 1100 315 1154 natura
329 1085 427 1155 fratri
441 1101 499 1154 tuo
511 1087 629 1171 vitam,
646 1085 741 1164 dedit
754 1100 789 1154 ct
802 1085 865 1153 tibi
885 1111 893 1152 z
910 1109 987 1178 quae
1000 1110 1061 1156 suo
1067 1087 1149 1180 jure

72 1223 158 1282 usa,
177 1223 198 1266 a
212 1223 281 1294 quo
297 1199 406 1268 voluit
419 1199 572 1286 debitum
586 1205 707 1270 suum²
726 1199 828 1278 citius
840 1200 953 1293 exegit
966 1227 975 1285 3
999 1223 1068 1270 non
1089 1199 1150 1272 illa

73 1319 109 1383 in
128 1314 236 1410 culpa
252 1330 326 1400 est,
343 1317 441 1409 cujus
457 1332 537 1386 uoto
551 1332 625 1386 erat
637 1311 808 1399 conditio,
833 1313 895 1394 sed
911 1317 1061 1386 mortalia
1075 1319 1151 1388 aui-

74 1434 120 1500 mi
138 1457 222 1526 spes
240 1432 359 1517 avida,
376 1457 453 1525 quae
468 1431 614 1501 subinde
628 1430 713 1524 quid
733 1455 849 1514 rerum
863 1447 986 1501 natura
998 1433 1043 1504 sit
1064 1431 1152 1500 obli·

75 1551 245 1633 viscitur,
264 1573 331 1618 nec
348 1571 498 1642 unquam
513 1550 615 1618 sortis
629 1571 698 1617 oute
715 1547 890 1630 meminit,
904 1547 970 1616 nisi
984 1572 1087 1639 quum
1096 1546 1153 1615 ad-

75 1680 251 1734 monetur.
266 1663 388 1736 Gaude
406 1666 521 1756 itaque
535 1664 694 1740 habuisse
713 1679 747 1730 te
762 1679 830 1732 tam
845 1663 972 1740 bonum
987 1664 1150 1745 fratrem,
1177 1679 1194 1732 5

76 1800 110 1852 ct
127 1776 399 1854 usumfructum³
412 1783 505 1876 ejus,
522 1783 675 1874 quamvis
695 1780 833 1850 brevior
850 1796 928 1852 voto
952 1783 1151 1866 moluerit,

76 1897 160 1966 boni
170 1889 463 1991 consule⁴.Cogita
474 1894 759 1989 jucundissimum
772 1919 858 1980 esse,
868 1889 975 1988 quod⁵
985 1897 1152 1980 habuisti,

77 2004 311 2097 humanum⁶,
330 2013 421 2108 quod
433 2009 628 2108 perdidisti.
643 2013 715 2080 Nec
733 2013 825 2082 enim
843 2011 1029 2105 quidquam
1044 2016 1156 2084 minus

80 2133 176 2196 inter
195 2151 232 2196 se
247 2141 510 2224 consentaneum
524 2143 597 2210 cst,
615 2151 716 2221 quam
736 2128 885 2221 aliquem
899 2131 1047 2215 moveri,
1064 2131 1157 2224 quod

79 2242 147 2311 sibi
181 2240 259 2310 talis
286 2241 392 2308 frater
413 2265 535 2339 parum
561 2239 622 2311 diu
644 2241 857 2336 contigerit:
883 2267 954 2312 non
983 2246 1155 2336 gaudere,

82 2357 178 2452 quod
193 2373 307 2426 tamen
317 2343 512 2454 contigerit.
534 2384 550 2422 a
562 2359 606 2426 At
617 2357 809 2452 inopinanti
822 2375 961 2453 ereptus
974 2377 1038 2430 eet.
1058 2389 1074 2426 u
1091 2363 1159 2432 Sua
1185 2366 1202 2418 6
1245 2365 1248 2378 '

84 2499 260 2569 quemque
277 2472 461 2545 credulitas
475 2473 602 2569 decipit
620 2501 628 2543 :
645 2490 680 2544 et
692 2477 730 2542 in
743 2475 795 2564 eis,
805 2500 881 2569 quae
889 2476 1022 2572 diligit,
1038 2453 1161 2553 volun-

84 2685 145 2738 dam
161 2702 279 2751 mensu,
297 2705 341 2758 per
354 2703 436 2738 anuos
454 2683 598 2756 quosdam,
648 2685 740 2740 Gallie.
752 2705 784 2738 so
799 2686 909 2741 cnam.
925 2686 970 2740 Sic
980 2687 1008 2740 iu
1019 2687 1070 2740 sab.
1081 2687 1162 2743 rhe-

82 2763 128 2816 sed
141 2763 231 2816 denuo
249 2762 280 2815 sd
295 2783 355 2816 eum
371 2764 543 2819 revertebatur
554 2765 600 2836 qui
648 2762 708 2816 nias.
723 2783 765 2832 ¹⁷¹
780 2781 812 2818 :u
824 2763 938 2817 debitum
949 2765 1028 2838 exige.
1040 2787 1053 2812 κ

81 2841 363 2916 mancipiumbabebat.
374 2842 428 2910 Qui
438 2862 543 2916 agrum,
554 2843 599 2915 qui
682 2840 706 2892 3.
723 2841 929 2912 Usumsmcttsm.
949 2843 1018 2897 Gall.
1040 2845 1162 2918 usrssrur‘t.

83 2923 150 2976 edes
160 2920 290 2994 mancipio
300 2920 456 2995 possidebat,
468 2920 492 2974 ei
501 2921 600 2974 licitum
650 2918 707 2972 lloe
714 2917 841 2972 distabant
848 2921 968 2994 usucapio
976 2921 1073 2993 (deque
1081 2925 1160 2990 need,

83 3014 136 3054 erat
142 3000 234 3054 omnis
242 3000 269 3052 in
278 2998 317 3052 bis
327 2998 431 3054 arbitrio
438 3018 484 3054 suo
494 3009 603 3066 vertere,
650 3017 675 3070 p.
687 3005 735 3054 na
747 3034 755 3062 ,
767 2997 877 3072 egimus)
886 3011 910 3052 et
920 3001 1077 3054 ususfructus
1089 3003 1163 3056 :sacti

85 3079 193 3131 domum
205 3075 373 3150 amplificare,
382 3088 515 3150 angustare
526 3075 602 3141 ,snb·
650 3074 782 3145 quoddam
801 3097 881 3149 genos
897 3080 1053 3131 ususfructus
1062 3079 1125 3144 luit;
1137 3093 1163 3134 at

85 3170 182 3210 vertere
196 3171 203 3207 :
215 3155 239 3208 ei
260 3175 321 3208 vero
329 3154 374 3225 qui
385 3155 538 3228 usucapione
548 3173 603 3227 pos·
650 3152 703 3222 jus,
716 3155 854 3225 usucapio:
866 3155 911 3225 qui
921 3156 1052 3220 utebatur,
1067 3157 1107 3212 bic
1118 3158 1163 3211 ba·

85 3235 207 3297 sidebat,
236 3231 276 3284 bis
295 3231 413 3284 omnibus
437 3231 601 3286 interdictum
649 3229 935 3298 bebatusumfructom3
956 3235 1163 3309 quipoteratle-

87 3327 142 3366 erat
153 3335 161 3376 ;
172 3313 254 3364 domo
266 3309 353 3382 etagri
364 3309 485 3364 tractibus
496 3309 601 3362 arbitrio
650 3309 739 3384 gitime
750 3309 788 3362 uti
799 3351 807 3374 ,
821 3310 896 3380 hujus
909 3314 1027 3386 usucapio
1039 3327 1099 3368 erat.

85 3411 131 3444 suo
144 3390 277 3460 utebatur,
292 3387 358 3442 nibil
366 3388 483 3462 amplios.
497 3388 544 3442 llle
555 3389 601 3440 ba·
683 3389 827 3454 4.Consu1e.
837 3389 876 3442 Ne
889 3390 1163 3466 dedignarescomptee

87 3470 187 3533 bebst,
211 3467 256 3522 bie
279 3467 428 3532 iruebatur;
456 3478 481 3520 et
501 3466 600 3520 Gallica
649 3487 718 3536 pour
727 3469 837 3535 quelque
845 3467 927 3526 chose.

87 3549 181 3619 lingua
198 3547 343 3616 pmprie'te',
354 3549 504 3616 possession
521 3564 603 3599 voea-
683 3547 707 3598 5.
721 3543 1167 3620 Quodbabus'sts'.Nonpros'dquod

85 3640 157 3680 retur
168 3623 325 3698 mancipium
336 3644 344 3689 ;
355 3623 474 3696 usucapio
481 3642 541 3676 vero
552 3661 560 3690 ,
574 3626 604 3677 ta
651 3623 784 3687 habuisti,
798 3621 843 3676 sed
860 3643 905 3696 pro
923 3623 1068 3679 :babuisse
1089 3625 1165 3680 Unde

84 3707 244 3768 fovissem.
651 3717 738 3752 sensus
765 3699 930 3767 :Habuisse,
949 3701 1165 3776 jucundissimum

125 3803 148 3834 ι.
161 3781 215 3834 Nec
225 3791 343 3833 mm...
356 3790 443 3834 secuta
455 3790 502 3834 est.
515 3779 604 3851 Neque
654 3787 707 3840 σείς
722 3775 877 3848 perdidisse,
890 3776 1041 3832 humanum.

87 3862 116 3914 in
135 3859 186 3912 boc
205 3859 304 3912 curavit
321 3879 355 3912 au
371 3871 399 3911 tu
413 3858 514 3912 satiatus
530 3877 604 3910 esses.
687 3853 711 3906 6.
732 3852 900 3908 Humanum.
922 3857 973 3910 Res
993 3878 1085 3930 nempe
1109 3875 1166 3928 que

89 3942 155 3992 Non
165 3937 226 3992 satis
239 3937 285 3990 diu
301 3937 390 3990 vixine
403 3937 505 3988 fratrem
520 3949 548 3988 tu
559 3935 605 4007 ju·
653 3929 822 3986 humanarum
830 3953 916 3986 rerum
926 3934 1106 3988 consuetudini
1114 3954 1167 3987 ma·

89 4017 176 4070 dicas:
193 4014 256 4090 quid
272 4014 321 4068 boc
336 4016 427 4076 refert,
448 4013 470 4066 si
484 4013 530 4066 diu
545 4010 604 4064 sat‘u
658 4011 1169 4085 simeconsentsneaest;resadquambo·

91 4095 183 4148 vixisse
194 4113 253 4146 eom
266 4092 311 4146 illa
320 4091 466 4166 pronuntiat
477 4090 490 4143 ?
655 4109 699 4141 mo
706 4089 805 4163 sapiens
814 4103 838 4141 et
845 4090 888 4161 qui
897 4089 1032 4144 hominum
1040 4090 1168 4144 imbellem

124 4193 148 4224 α.
161 4171 291 4224 Debitum
300 4190 387 4224 suum.
398 4171 459 4222 Non
471 4167 541 4240 quod
552 4167 605 4241 ipsa
654 4180 771 4222 canaram
792 4169 883 4232 novit,
901 4187 949 4222 nee
968 4168 1167 4243 obstupescere,

91 4251 196 4305 bomini
206 4248 280 4304 debet
293 4287 301 4316 ,
318 4250 363 4304 sed
374 4249 443 4321 quod
456 4248 503 4322 ipsi
519 4245 610 4302 bomo.
654 4267 701 4300 nec
712 4246 844 4322 indignari
857 4246 940 4301 debet.
