2954 4926
303 461 368 546 tot
632 457 700 527 ou
734 459 1042 530 reuertens

302 593 464 686 loptutes,
477 593 703 662 nonullorum
716 618 825 662 annos
834 611 1050 687 computare,
1063 591 1124 662 sed
1139 615 1220 659 suos
1232 582 1381 683 benigne
1457 631 1459 654 t

260 729 277 782 5
301 713 484 794 aeetimnre,
504 727 538 778 et
555 713 591 778 in
608 711 704 780 luero
722 735 851 804 ponere
865 713 881 782 t
893 715 967 780 Hoc
987 735 1040 779 me
1058 707 1202 803 dignum
1212 710 1381 802 judicavit

302 829 413 905 Deus!
437 832 602 902 hoosutis
618 850 680 902 est.
701 835 816 902 Potuit
837 831 931 928 plus!
950 833 1011 902 sed
1027 833 1094 901 hoe
1112 857 1257 924 quoque
1275 831 1382 899 bene-

302 951 417 1018 ficium
433 965 496 1017 est.
513 951 610 1018 Grati
622 949 732 1018 ‘simus
746 948 908 1017 adversus
921 949 1022 1026 deos,
1039 949 1128 1041 gmti
1139 947 1312 1015 adversus
1325 948 1383 1014 ho-

301 1067 430 1146 mines,
460 1068 547 1159 grati
575 1065 740 1134 adversus
756 1089 836 1150 eos,
864 1065 924 1156 qui
944 1064 1043 1132 nobis
1060 1061 1196 1155 aliquid
1214 1065 1381 1156 praeetite-

302 1199 404 1268 tunt;
419 1182 507 1275 grati
522 1183 624 1249 etiam
642 1179 807 1249 adversus
823 1204 903 1265 eos,
922 1181 982 1272 qui
997 1181 1121 1248 nostris
1133 1182 1379 1272 prmstiterunt.

349 1299 478 1367 XVIII.
492 1325 507 1360 ιι
521 1301 560 1364 ln
573 1298 777 1380 infinitum,
788 1297 885 1378 heus,
899 1299 1039 1390 inquit¹‚
1053 1321 1107 1365 me
1117 1297 1270 1390 obligas,
1281 1322 1381 1389 quum

280 1410 408 1506 uicis,
425 1429 461 1479 et
479 1416 625 1494 nostris;
655 1413 770 1503 itaque
798 1433 887 1504 pone
912 1410 1060 1502 aliquem
1080 1411 1198 1478 finem.
1220 1411 1299 1502 Qui
1318 1410 1383 1477 lilio

300 1529 505 1597 beneficium
521 1529 598 1609 dat,
610 1545 648 1596 ut
658 1527 765 1612 dicis,
782 1545 817 1596 et
827 1530 916 1621 patri
931 1529 1004 1622 ejus
1018 1527 1087 1596 dat.
1102 1529 1260 1596 Primum
1277 1527 1379 1606 unde,

301 1669 392 1738 quo,
413 1669 540 1738 quaero.
559 1645 691 1714 Deinde
706 1644 793 1711 illud
808 1646 926 1736 utique
943 1645 1028 1712 mihi
1042 1643 1267 1714 determinari
1287 1647 1379 1722 volo,

301 1767 329 1830 si
341 1780 375 1831 et
386 1763 476 1857 patri
493 1762 698 1830 beneficium
713 1760 826 1842 datur,
844 1761 1012 1853 numquid
1027 1778 1061 1828 et
1077 1761 1199 1830 fratri?
1214 1763 1382 1855 numquid

301 1855 336 1948 el
347 1897 469 1974 patruo
481 1881 496 1948 Ρ
508 1877 677 1971 numquid
690 1901 754 1946 nvo
766 1881 781 1944 t
795 1877 963 1970 numquid
976 1880 1072 1946 uxori
1084 1929 1094 1961 ,
1111 1895 1145 1946 et
1160 1904 1284 1948 socero
1297 1883 1382 1950 tote

293 1999 407 2084 mihi,
430 1997 490 2065 ubi
513 1996 655 2064 debeam
674 1987 869 2076 desinere⁵,
891 2019 1069 2087 quousque
1083 2019 1316 2089 personarum
1330 2025 1382 2066 se-

303 2115 389 2182 riem
404 2135 540 2204 sequar.
556 2113 669 2181 ›a—Si
679 2136 799 2215 ugrum
812 2128 908 2180 tuum
918 2114 1057 2181 coluero
1071 2163 1080 2196 ,
1095 2115 1159 2181 tibi
1171 2114 1378 2184 beneficium

304 2228 432 2298 dedero
460 2256 468 2296 ι
497 2231 524 2296 si
551 2228 686 2297 domum
713 2245 802 2297 tuam
829 2227 1006 2297 ardentem
1026 2231 1240 2312 restinxero,
1263 2248 1324 2298 aut
1341 2257 1381 2298 ne

305 2341 502 2414 concidate⁴
515 2369 660 2440 xcepero
671 2339 698 2428 ⁵,
707 2347 769 2414 tibi
785 2345 988 2414 beneficium
1004 2345 1166 2414 nondsbo
1175 2347 1233 2415 tsi
1246 2369 1380 2416 servum

304 2478 399 2530 tuum
424 2485 625 2544 servavero,
652 2462 713 2529 tibi
742 2462 942 2556 imputabo:
960 2465 989 2531 si
1013 2462 1120 2530 lilium
1139 2478 1236 2531 tuum
1267 2487 1381 2532 serva-

303 2600 408 2658 vero,
429 2601 498 2646 non
515 2577 659 2646 habebis
673 2579 878 2647 beneficium
897 2582 1037 2650 meum?

354 2697 450 2764 XIX.
469 2733 507 2747 —
523 2695 737 2765 «Dissimilia
754 2698 853 2789 ponis
871 2698 1023 2790 exempla
1042 2725 1050 2763 ε
1071 2699 1151 2790 quin
1172 2699 1234 2790 qui
1260 2721 1378 2790 agrum

306 2837 418 2881 meum
429 2814 521 2896 colit,
535 2837 619 2907 agro
629 2814 835 2883 beneficium
849 2840 917 2883 non
929 2815 1000 2900 dat,
1011 2815 1070 2884 sed
1082 2815 1164 2883 mihi
1176 2844 1184 2882 ι
1195 2832 1233 2883 et
1246 2819 1306 2908 qui
1321 2815 1380 2882 do·
1455 2831 1457 2844 ⁴

306 3045 351 3099 sed
361 3045 455 3098 lamam
466 3045 599 3098 ertsntlere
611 3045 690 3106 tactis,
699 3043 754 3096 IIoc
766 3044 818 3096 vir·
867 3045 924 3106 Est,
934 3044 982 3110 ait,
998 3045 1106 3099 imitatio
1121 3045 1246 3098 tetraonis
1261 3042 1379 3119 vulgetis

307 3124 366 3176 tutis
379 3143 442 3196 opus
454 3147 467 3172 ιι
480 3144 487 3188 ς
502 3137 526 3177 et
540 3123 642 3176 Horatii
659 3123 742 3174 Csrm.
752 3123 777 3185 l,
787 3142 816 3188 q,
900 3123 924 3174 3.
936 3123 1076 3188 Domiti,
1086 3125 1132 3176 ubi
1139 3117 1248 3176 debeam
1257 3127 1381 3176 desinere.

310 3207 371 3268 tlt«
380 3205 464 3272 Quem
476 3204 540 3258 Fors
550 3205 650 3257 dierum
661 3224 768 3272 eumque
778 3204 818 3256 da·
868 3199 936 3252 Pers.
945 3201 997 3252 Sat.
1006 3201 1052 3267 Vl,
1063 3197 1109 3252 fin.
1119 3219 1125 3252 ε
1136 3203 1278 3274 nllepunge
1291 3201 1335 3253 nbi
1347 3201 1379 3252 si·

306 3281 356 3346 bit,
370 3283 455 3334 tuero
467 3301 574 3356 eppone.
592 3303 605 3329 ιι
867 3291 940 3344 stam,
948 3279 1078 3342 iuventus,
1089 3279 1239 3352 Chrysippe,
1247 3277 1378 3331 tuilrnitor

338 3359 437 3412 xvllt.
448 3361 520 3412 Atto.
533 3361 673 3431 Quousque
684 3359 748 3430 greti
765 3379 817 3412 csse
866 3358 957 3410 acervi.
970 3379 983 3404 n
995 3357 1028 3409 Et
1037 3359 1089 3429 ipse
1100 3371 1184 3412 noster
1195 3359 1263 3410 inira
1275 3359 1325 3412 hoc
1341 3379 1380 3411 ra-

306 3434 458 3501 delmmm,
470 3436 646 3511 interrogatur.
866 3435 970 3488 tiocinio
983 3436 1184 3488 adversariorum
1197 3437 1260 3488 dicit
1276 3437 1376 3489 Soriten

341 3515 595 3584 r.1nirfinitum.8e.
603 3517 745 3590 tempusAEr
753 3515 814 3570 illis:
865 3514 944 3585 incipi
953 3513 1163 3587 inexplicabilem.
1173 3515 1230 3568 vid.
1243 3537 1265 3568 c.
1279 3515 1376 3592 rq‚fin.

303 3601 330 3644 el
348 3596 446 3649 nostre's
466 3591 619 3645 concludere
638 3592 719 3658 licet,
741 3615 815 3646 uun·
897 3593 1268 3658 4-Autnecoocidutelimter.
1276 3595 1376 3647 emend.

304 3687 380 3739 quern
392 3668 459 3742 grati
476 3669 555 3722 animi
568 3671 621 3722 lore
634 3667 712 3722 finem
732 3693 737 3720 ι
753 3671 814 3724 hinc
865 3683 917 3734 ert,
929 3683 1030 3723 anctore
1044 3672 1099 3724 eod.
1113 3673 1195 3736 Nan,
1212 3673 1256 3743 qui
1269 3672 1377 3726 hebebit

302 3747 438 3816 queritur,
462 3747 566 3816 quando
587 3749 640 3818 ejus
659 3749 717 3800 linis
731 3750 814 3804 luerit.
862 3759 911 3800 orat
922 3736 1011 3801 nelron
1021 3749 1186 3822 eldatvnlg.
1198 3755 1376 3806 autnecodnt.

307 3821 383 3874 Unde
394 3821 496 3874 initium
515 3823 597 3894 capit,
616 3837 640 3876 et
656 3843 719 3894 pus,
734 3845 813 3896 mque
895 3831 919 3886 5,
932 3829 1070 3900 Excepere
1081 3831 1185 3884 fulcris:
1199 3831 1306 3905 explicat
1324 3834 1376 3907 ipse

301 3899 334 3951 etl
343 3901 414 3971 quod
423 3912 521 3974 tempus
533 3902 619 3968 (lunt,
631 3903 746 3975 pertinet.
861 3911 977 3981 sequenti
988 3910 1068 3981 capite
1076 3929 1083 3963 τ
1090 3921 1116 3963 st
1123 3910 1167 3982 qni
1175 3910 1281 3963 domum
1291 3931 1375 3965 meam

334 3997 357 4030 2.
369 3979 406 4031 In
416 3981 563 4049 irfinilwn,
576 3981 648 4041 heus,
662 3986 755 4052 inquit,
765 3997 810 4038 ete.
861 4009 913 4059 quo
926 3988 1012 4040 minus
1024 4000 1095 4050 rust,
1112 3983 1191 4041 luleit

299 4057 364 4109 Nan*
375 4058 453 4112 codex
464 4073 489 4112 et
498 4059 543 4112 atii
555 4058 648 4112 (labant
659 4062 711 4114 :In
720 4063 813 4131 infini-
895 4065 963 4117 XIX.
974 4069 1046 4118 Atto.
1058 4065 1134 4119 Fines
1146 4105 1153 4132 ‚
1168 4061 1200 4118 acl
1214 4087 1279 4139 quos
1290 4079 1376 4118 exten-

321 4155 354 4188 ιιι
361 4137 415 4199 eius
425 4141 527 4206 inquit:
537 4139 605 4191 unde
614 4139 729 4192 Gronov.
735 4159 811 4210 'egre-
861 4139 950 4208 (latur,
963 4157 987 4195 et
1000 4143 1045 4196 nbi
1057 4143 1154 4197 desinat
1163 4157 1248 4216 gratio
1257 4145 1375 4210 animos,

332 4233 339 4264 t
364 4216 472 4288 coniecit
495 4217 598 4283 them,
621 4219 690 4288 quod
718 4217 809 4291 recepi.
861 4219 901 4270 vir
913 4219 1017 4273 deliniri
1028 4234 1141 4293 possum.
