2954 4926
284 431 351 515 aar
397 501 400 512 .
615 429 683 498 na
707 427 1021 500 annuamus

282 569 437 654 poetam,
453 577 558 652 quum·
574 561 740 630 fortunam
754 585 849 628 suam
865 561 1110 628 transeuntcm¹
1126 556 1194 626 alio
1210 553 1353 636 ’videat‚

282 692 318 744 et
334 674 399 743 sibi
419 675 506 742 nihil
524 676 702 762 relictum,
723 693 849 770 praeter
867 677 926 769 jus
952 677 1093 756 mortis,
1118 673 1153 742 id
1177 699 1313 768 quoque
1329 677 1354 742 si

283 793 352 862 cito
378 787 635 886 occupaverit³,
658 793 873 864 exclamare:
896 794 974 862 Hoc
991 791 1116 872 haheo,
1137 793 1356 888 quodcumque

282 903 393 978 dedu!
408 910 441 979 Ο
454 925 620 1002 quantum
638 911 767 980 habere
785 912 915 1004 potuit,
943 913 972 978 si
995 905 1181 980 voluisset!
1202 912 1263 978 llae
1282 926 1357 978 sunt

282 1027 410 1096 divitia
428 1042 550 1110 certa,
566 1029 603 1095 in
617 1052 832 1120 quacumque
847 1028 948 1098 sortis
965 1027 1122 1097 humana
1140 1026 1280 1096 levitate
1291 1051 1358 1095 uno

281 1145 357 1214 loco
375 1168 605 1239 permansura
623 1171 631 1211 :
651 1170 728 1238 quoe
747 1171 817 1239 quo
834 1147 978 1238 majores
994 1145 1143 1230 luerint,
1163 1143 1231 1214 hoc
1247 1145 1359 1212 mino-

282 1287 356 1332 rem
365 1260 544 1332 habebunt
553 1261 718 1332 invidiam
727 1255 755 1329 ⁵.
771 1261 868 1355 Quid
882 1277 1043 1354 tanquam
1057 1277 1115 1331 tuo
1128 1258 1269 1354 parcis?
1281 1263 1358 1330 Pro·

282 1391 419 1446 curator
441 1367 514 1445 es⁶.
547 1376 672 1445 Omnia
700 1379 783 1446 ista⁷
813 1397 890 1468 quae
918 1399 978 1443 vos
1006 1373 1173 1456 tumidos,
1202 1389 1239 1442 et
1259 1395 1358 1467 supra

281 1493 432 1563 humana
454 1493 559 1562 elatos
585 1493 739 1562 oblivisci
762 1507 891 1585 cogunt
913 1507 1032 1560 vestra
1049 1491 1267 1585 fragilitatis,
1285 1515 1358 1582 quae

282 1611 404 1680 ferreis
418 1600 589 1678 claustris⁸
599 1608 774 1678 custoditis
786 1609 922 1691 armati,
934 1632 1011 1699 quae
1020 1631 1062 1676 cx
1071 1607 1184 1676 alieno
1193 1609 1359 1700 sanguine

281 1727 522 1818 rapta⁹vestro
532 1721 734 1810 defenditis3
751 1737 893 1816 propter
903 1721 1110 1816 quaeclassea
1122 1737 1359 1790 cruentaturas

280 1949 339 1984 curn
364 1929 491 1985 Rabirius
512 1940 631 1986 tenet·
645 1927 793 1986 Rabirium.
842 1925 1008 1996 llchntra
1020 1926 1150 1983 l'ortunsm
1162 1939 1216 1993 est,
1232 1927 1359 1999 quidquid

280 2008 452 2084 Poetaepicus
461 2009 794 2082 luitcuiproximurnaVir-
843 2009 953 2062 donatur
965 2009 1060 2062 amicis.
1073 2007 1145 2077 Quas
1162 2006 1282 2076 dederis,
1296 2007 1359 2059 solas

278 2086 343 2158 gilio
353 2087 439 2142 locum
450 2087 522 2141 dedit
533 2087 626 2141 Vellei.
637 2089 735 2142 Patere.
747 2088 773 2140 ll
785 2124 793 2152 ,
841 2105 940 2160 semper
954 2085 1059 2140 habebis
1070 2105 1138 2160 opes.
1151 2107 1166 2132 υ

279 2167 312 2218 35
325 2183 331 2218 :
343 2165 445 2219 modice
455 2183 515 2218 eum
527 2164 614 2218 laudat
625 2165 737 2235 Quintil.
748 2165 773 2218 X
786 2205 793 2232 ,
876 2167 899 2215 5.
921 2163 1051 2218 Minorem
1069 2165 1202 2218 habebunt
1222 2165 1359 2216 invidiam.

280 2243 418 2316 r,9o,cl.
439 2241 609 2296 Ovid.t>onc
626 2243 685 2309 lv,
702 2243 752 2309 tii,
771 2247 794 2299 5.
843 2243 877 2296 Η.
896 2263 918 2295 e.
939 2243 1036 2295 minori
1056 2241 1118 2294 odio
1137 2243 1251 2295 obnoxia
1273 2252 1360 2300 erunt;

279 2321 353 2392 Quid
364 2334 450 2380 tamen
461 2320 587 2395 scripserit
598 2334 623 2374 et
635 2321 704 2392 quod
714 2342 792 2392 argu·
841 2321 926 2375 minus
949 2322 1004 2376 odii
1021 2321 1141 2374 adversus
1163 2334 1187 2374 te
1204 2321 1359 2374 concitatam

281 2412 396 2452 mentum
405 2399 480 2452 luerit
491 2399 634 2452 carminum
644 2400 708 2471 ejus,
720 2399 792 2453 nullo
842 2414 909 2466 suut,

280 2491 395 2531 veterum
412 2479 557 2532 testimonio
575 2492 731 2552 compertum
750 2493 793 2534 est.
875 2481 900 2535 6.
911 2479 1112 2536 Procuratores.
1124 2481 1159 2535 Η.
1169 2502 1192 2534 e.
1204 2500 1260 2534 non
1272 2491 1358 2554 prote,

279 2561 349 2611 Nam
367 2559 437 2628 quod
453 2558 552 2632 Lipsius
564 2557 615 2624 ait,
628 2557 695 2612 bella
714 2557 794 2612 civica
842 2557 1359 2630 sedproaliisremcurasfiallicmnvice

281 2651 340 2689 eum
361 2636 486 2710 scripsisse
504 2633 604 2702 videri,
626 2648 651 2689 et
670 2635 745 2689 Voss.
763 2637 794 2689 de
841 2635 943 2706 rimae.
961 2639 1153 2694 Procuratorem
1180 2659 1285 2709 quoqne
1308 2657 1359 2688 no-

280 2713 378 2768 llistor.
388 2715 430 2768 lat.
441 2715 453 2767 1
460 2755 471 2804 3
484 2735 512 2767 ar
526 2727 586 2767 extr.
599 2735 628 2767 ex
639 2713 730 2768 Ovidii
739 2735 795 2768 vcr·
843 2727 899 2768 tum
911 2727 948 2768 est
958 2736 1037 2776 unam
1047 2716 1177 2790 epublicis
1190 2715 1359 2789 dignitatibus

280 2791 319 2844 bis
330 2809 337 2844 ι
349 2814 363 2840 «
380 2812 519 2922 magnique
529 2789 648 2846 Rabirius
661 2794 728 2858 oris,
743 2811 757 2838 n
770 2805 795 2845 et
843 2793 927 2846 luisse.
935 2791 1126 2848 Administratae
1133 2815 1178 2868 per
1185 2807 1360 2866 procuratores

281 2892 311 2924 er
323 2871 464 2924 hocnostro
485 2891 531 2924 oco
543 2869 650 2944 colligit,
661 2867 795 2925 Rabirium
844 2871 959 2925 minima
981 2870 1139 2944 provinciae,
1158 2871 1272 2937 Judaea,
1294 2893 1319 2923 v.
1335 2891 1359 2944 g.

280 2949 439 3024 descripsisse
457 2949 553 3004 bellum
578 2947 710 3003 Actiacum
728 2950 796 3003 iuter
844 2949 1360 3022 qumClrristidamnatitemporibusl’on·

281 3029 453 3081 Octavianum
473 3031 541 3101 Aug.
561 3042 585 3082 ct
600 3027 637 3081 Μ.
650 3031 793 3082 Antonium
844 3027 881 3079 tio
892 3025 974 3081 Pilato
985 3028 1077 3101 paruit.

281 3107 475 3170 Trinummo,
498 3127 568 3161 mera
585 3121 623 3162 est
640 3107 794 3179 conjectura.
879 3126 901 3176 7.
925 3105 1024 3158 Omnia
1045 3109 1121 3171 ista,
1142 3115 1189 3158 etc.
1206 3105 1312 3180 Proprie
1327 3106 1358 3158 ad

283 3184 323 3238 Cl.
337 3187 511 3240 Wernsdorf.
522 3188 593 3240 Poet.
604 3189 657 3240 Lat.
669 3187 734 3240 Min.
744 3187 792 3242 To.
841 3181 882 3236 Μ.
896 3184 1037 3238 Antonium
1055 3183 1109 3238 haec
1121 3197 1252 3259 spectant,
1267 3186 1357 3258 quippe

281 3263 336 3330 lll,
348 3286 374 3336 p.
387 3279 433 3317 xlx
444 3284 482 3336 sq.
842 3283 919 3334 quem
934 3261 1065 3317 crudelem
1080 3263 1157 3316 luisse
1174 3263 1254 3317 alieni
1273 3277 1357 3337 rapto-

316 3361 338 3396 r.
354 3339 543 3397 Tmnseuntem
553 3345 609 3396 olio
617 3381 625 3410 ‚
633 3363 666 3398 sc.
682 3343 715 3397 ad
732 3344 792 3399 Au·
841 3359 896 3394 rem
907 3379 915 3407 ‚
926 3341 1078 3414 urbiumque
1090 3354 1241 3396 vastatorem
1253 3357 1357 3397 constat.

281 3433 400 3496 gustum..
841 3419 896 3474 Diu
904 3420 980 3474 etiarn
988 3420 1117 3474 Antonius
1126 3421 1279 3474 etOctavios
1287 3422 1356 3475 luere

313 3523 338 3557 a.
351 3495 453 3556 ¹Videat
467 3511 505 3556 est
519 3497 637 3555 omnium
651 3504 703 3556 lere
720 3503 793 3558 codd.
842 3499 940 3566 amici,
962 3497 1067 3573 college
1091 3497 1119 3552 in
1142 3497 1317 3554 Triumviratu
1333 3513 1356 3552 et

281 3594 306 3636 et
316 3581 375 3636 edd.
386 3580 470 3635 lectio.
482 3581 572 3634 Unus:
583 3581 693 3633 vident.
843 3576 985 3630 consulatu
998 3615 1006 3644 ‚
1017 3578 1081 3649 quin
1091 3577 1154 3632 adeo
1166 3577 1267 3645 affines,
1279 3599 1354 3649 quum

313 3659 338 3712 3.
356 3657 391 3712 Si
405 3661 455 3712 cito
473 3661 643 3726 occupaverit,
656 3657 677 3710 ai
695 3657 746 3711 cito
761 3678 792 3714 eo
841 3658 971 3710 Antonius
991 3657 1127 3710 Octaviani
1146 3677 1261 3710 sororem
1273 3658 1356 3710 Octa-

280 3755 341 3792 usus
353 3737 437 3792 suerit.
842 3735 911 3788 riam
920 3756 1023 3790 uxorem
1036 3735 1154 3801 haberet,
1169 3748 1216 3788 etc.

311 3817 337 3883 d.
347 3815 406 3870 Huc
417 3816 593 3869 tabemedi.
604 3815 792 3870 l.e.lrccbeue·
875 3815 899 3869 8.
911 3815 1015 3870 Ferree's
1024 3819 1157 3870 claustris.
1174 3819 1273 3889 Nempe
1289 3834 1355 3868 moe-

280 3891 338 3947 iscla
357 3893 458 3958 habeo,
480 3912 544 3965 qum
560 3893 620 3946 dedi
643 3906 667 3946 ct
686 3889 790 3968 deposui
841 3891 917 3946 nibus
929 3893 1057 3964 portisque
1070 3892 1164 3945 ferreis.

280 3973 346 4045 apud
361 3973 431 4027 alios.
450 3973 495 4026 Sic
512 3971 655 4024 Alexander
666 3984 790 4044 rogatus,
874 3969 950 4044 9.Ex
958 3969 1352 4040 alienosauguinempeollapta

279 4055 324 4107 ubi
332 4051 435 4106 liaberet
446 4051 575 4103 thesauros
585 4047 598 4102 l
610 4050 677 4122 apud
686 4049 791 4112 amicos,
842 4071 856 4102 e
868 4062 1014 4102 necatorum
1030 4048 1195 4102 morientium
1209 4047 1350 4119 torporibus

278 4123 791 4202 respondit.Ammian.t{arcellin.xxv‚
842 4127 1095 4199 cruentatis‚ctquasi
1104 4125 1135 4179 dc
1144 4125 1290 4180 vulneribus
1298 4143 1351 4175 mc-

277 4207 301 4280 p.
320 4207 368 4280 294
377 4203 463 4259 Voles.
478 4205 517 4258 ct.
531 4205 641 4258 Martial.
663 4205 749 4276 Epigr.
760 4221 791 4268 v,
844 4205 892 4258 diis
904 4219 930 4258 et
942 4205 1073 4277 sanguine.
