2976 4950
405 509 502 578 urs.
527 509 585 596 11,
610 511 720 579 ear.
745 511 857 580 xrs.
1111 521 1172 612 371
1246 503 1248 508 '

108 663 218 730 quum
241 637 393 708 subsedit
409 637 577 732 cupiditas
593 661 731 732 ,quum
751 641 897 733 impetus
921 643 980 711 ille
1003 643 1179 739 flagrantis
1239 681 1243 690 ·

111 756 239 837 animi,
261 755 321 847 qui
338 756 516 824 consilium
534 757 647 850 fugat,
670 755 814 841 cecidit,
837 757 1042 829 detestamur
1059 763 1179 855 persii-

112 873 221 940 ciosos
232 871 395 940 malorum
410 895 589 942 munerum
599 890 765 941 auctores.
776 875 823 943 Ut
835 875 996 972 frigidam
1007 881 1108 971 aegris
1118 905 1181 950 ne-
1204 911 1220 943 ι

114 1013 257 1082 gamus,
278 1003 318 1056 ut
341 988 538 1082 lugentibus
554 1013 595 1058 ae
613 989 678 1057 sibi
697 991 792 1058 iratis
811 991 961 1076 ferrum,
981 1011 1039 1063 aut
1061 1017 1179 1067 aman-

114 1107 205 1174 tibus
232 1103 401 1198 quidquid
421 1121 538 1173 contra
557 1130 593 1173 se
611 1129 733 1174 usurus
750 1105 852 1174 ardor
873 1111 883 1143 ¹
907 1110 992 1201 petit
1012 1138 1020 1176 :
1041 1112 1090 1180 sic
1111 1137 1177 1199 ea,

14 1247 15 1260 ι
114 1243 191 1312 quae
208 1221 364 1287 nocitura
383 1234 478 1302 sunt,
502 1221 653 1311 impense
674 1243 715 1288 ae
737 1219 920 1306 submisse,
938 1248 1182 1317 nonnunquam

114 1338 216 1405 etiam
230 1333 468 1404 miserabiliter
480 1336 692 1430 rogantibus,
701 1338 992 1430 perseverabimus
1004 1366 1073 1408 non
1084 1341 1177 1412 dare.

75 1537 86 1557 .
114 1457 206 1523 Tum
224 1453 321 1520 initia
332 1451 574 1521 beneficiorum
588 1475 724 1520 suorum
740 1469 905 1544 spectare,
917 1468 986 1521 tum
1004 1457 1183 1524 etiamexi·

117 1587 171 1637 tus
181 1569 279 1638 decet
294 1583 348 1635 :et
362 1591 404 1635 ea
415 1567 496 1636 dare
507 1592 583 1659 quae
593 1591 663 1635 non
675 1582 805 1634 tantum
815 1569 969 1661 accipere
979 1620 992 1651 ,
1007 1568 1180 1638 sedetiam

114 1686 286 1778 accepisse
302 1683 447 1751 delectet
459 1688 486 1750 ².
503 1683 604 1751 Multi
621 1699 700 1750 sunt
718 1684 777 1774 qui
793 1680 907 1750 dicant
928 1711 935 1750 :
957 1685 1033 1754 Seio
1051 1685 1116 1754 hoc
1131 1685 1183 1755 illi
1209 1718 1225 1772 3

117 1826 187 1870 non
205 1801 442 1895 profuturum3
462 1799 523 1868 sed
539 1800 622 1892 quid
641 1799 785 1868 faciam?
798 1816 914 1894 rogat,
931 1804 1088 1870 resistere
1105 1828 1185 1896 pre·

117 1916 214 1985 cibus
228 1918 301 2009 ejus
314 1941 383 1984 non
399 1939 548 2010 possum.
564 1915 720 2004 viderit,
737 1917 780 1984 de
796 1941 854 1999 se,
870 1942 939 1986 non
953 1917 996 1985 de
1010 1941 1063 1985 me
1076 1969 1085 2000 ,
1100 1943 1185 2010 que-

118 2050 228 2102 retur.
243 2033 380 2102 Fulsum
394 2049 445 2100 est
462 2034 586 2101 :immo
603 2032 645 2100 de
660 2049 714 2114 te,
730 2048 765 2100 et
780 2035 898 2102 merito
912 2035 1063 2125 quidem,
1081 2061 1185 2127 quum

118 2151 162 2217 ad
181 2164 329 2217 mentem
352 2149 474 2217 bonam
493 2148 636 2217 redierit
655 2199 665 2231 ,
686 2173 792 2240 quum
811 2141 983 2218 accessio³
1008 2151 1088 2234 itta,
1110 2175 1186 2243 quse

118 2268 270 2338 animum
289 2265 539 2348 inflammabat,
562 2257 742 2332 remiserit.¹
764 2253 896 2356 Quidni
916 2290 993 2333 eum
1012 2265 1145 2351 oderit,
1166 2291 1187 2335 a

120 2407 188 2476 quo
206 2383 243 2450 in
261 2380 420 2449 damnum
435 2405 474 2449 ac
490 2379 682 2474 perieulum
700 2403 798 2446 suum
812 2378 949 2472 adjutus
962 2383 1036 2449 est?
1048 2385 1187 2450 Exorari

122 2502 157 2566 in
174 2498 363 2593 perniciem
381 2497 594 2588 rogantium,
617 2519 704 2564 saeva
721 2495 854 2600 bouitas
871 2514 933 2564 est.
955 2497 1188 2589 Quemadmo-
1211 2533 1228 2599 4

121 2615 202 2684 dum
222 2615 492 2708 pulcherrimum
509 2637 593 2705 opus
612 2627 684 2692 est,
707 2613 809 2691 etiam
827 2611 952 2680 invitos
968 2613 1189 2706 nolentesque

120 2753 258 2799 servare
270 2723 298 2811 ⁴,
309 2729 356 2795 ita
374 2723 572 2820 rogantibus
590 2725 751 2820 pestifera
768 2727 902 2820 largiri,
918 2727 1081 2795 blandum
1095 2745 1131 2796 et
1140 2729 1190 2796 af-

159 2937 292 2988 Contra
303 2953 331 2986 se
342 2951 438 2984 usurus
446 2933 536 2984 ardor.
548 2931 633 2984 Homo
683 2931 771 2985 saltem
782 2931 884 3003 opttmrs
896 2932 970 2985 codd
987 2931 1061 2984 obvta
1070 2931 1124 2986 baee
1134 2934 1191 2986 lec-

124 2957 396 3084 ieritiduseteupidinis
407 3007 635 3062 vehementissime
684 3011 727 3062 tio.
739 3011 800 3062 Est'
793 3011 890 3064 rnvasio
901 3009 983 3064 morbi
995 3023 1019 3063 et
1029 3035 1091 3081 rapo
1093 3013 1191 3104 ξυιμός,

123 3094 184 3164 igne
196 3091 340 3166 bagranss
333 3109 361 3142 tn
371 3089 509 3162 perniciem
525 3109 595 3141 suam
608 3109 636 3141 re
684 3087 799 3160 inprimis
809 3089 858 3140 de
851 3088 924 3140 tuitio
936 3087 1018 3140 febris.

124 3171 182 3223 data
195 3189 299 3232 usurum
313 3169 348 3221 sie
361 3168 428 3220 enim
437 3179 525 3220 contra
537 3187 564 3219 se
576 3175 636 3220 ιιιι-
717 3166 1012 3236 4...Que.modrrrodum
1014 3167 1195 3238 nolentesque

124 3261 176 3302 tur.
190 3249 223 3300 Ar
229 3265 308 3317 quum
318 3248 399 3297 ardor
405 3265 450 3318 pro
459 3245 534 3296 bomo
541 3246 637 3296 ardens
685 3243 1194 3312 servande.morbisacutis,iusania,ete.

125 3325 151 3376 h.
163 3325 181 3376 l.
193 3322 452 3388 occurrat,credideris
463 3323 547 3373 forsan
557 3320 638 3394 primo
687 3321 859 3374 laborantibus
869 3320 965 3392 sibique
976 3323 1042 3375 mala
1054 3324 1145 3377 inferre
1156 3346 1195 3378 co·

126 3401 639 3466 intuituoorrtraseessecontraardorrm,
687 3397 805 3450 uentibus
826 3415 832 3450 :
853 3399 897 3470 qui
920 3398 953 3450 ad
973 3413 1084 3452 mentem
1102 3401 1195 3454 bonam

126 3481 153 3531 b.
170 3501 207 3544 e.,
223 3480 258 3531 ita
273 3491 301 3530 ut
319 3478 394 3530 ardor
410 3477 580 3549 exstinguatur
592 3495 640 3527 su·
687 3477 784 3530 reducti
795 3476 885 3547 gratias
896 3489 982 3550 agunt.
998 3477 1099 3530 Terent.
1111 3481 1196 3534 Heau-

126 3561 204 3614 binde
218 3572 242 3611 et
252 3558 323 3610 cedat
334 3579 339 3620 ;
351 3557 420 3628 quod
432 3556 538 3608 minime
550 3567 592 3608 est.
687 3555 786 3607 tontirn.
798 3571 805 3606 ι
821 3557 924 3624 «Atque
935 3553 1003 3608 bunc
1017 3555 1146 3610 difficilem
1157 3559 1197 3611 in·

162 3659 185 3690 a.
202 3633 270 3706 Quoe
277 3657 328 3688 ιιοιι
340 3645 442 3686 tantum
452 3637 564 3701 accipere
574 3672 581 3698 ,
593 3634 641 3685 sed
690 3633 770 3684 vitum
781 3645 888 3684 servaret
897 3651 1013 3686 senem.»
1028 3635 1102 3687 Recte
1113 3636 1199 3690 ohser-

126 3719 209 3768 etiom
226 3716 352 3780 occepisse
364 3713 475 3764 delectet.
494 3711 528 3763 H.
545 3730 567 3761 e.
584 3729 641 3779 quae
690 3723 731 3761 vat
743 3709 852 3782 Lipsius,
866 3709 955 3762 Horat.
973 3711 1004 3764 tie
1019 3714 1078 3766 Arte
1096 3715 1198 3770 Poetiea

127 3813 182 3844 uon
195 3803 290 3843 tantum
296 3788 641 3863 boetemporisarticuloquo
690 3809 790 3848 versum
811 3787 856 3857 467
871 3806 877 3841 :
891 3811 904 3836 ιι
917 3789 1030 3842 Invitum
1042 3791 1086 3863 qui
1097 3805 1197 3860 servat,

127 3867 391 3942 aecipimus‚iaetitiam
404 3868 515 3941 pariant,
527 3867 572 3919 sed
585 3885 642 3936 quae
692 3867 760 3921 idem
768 3867 828 3920 tacit
834 3868 958 3921 occidenti
968 3893 997 3935 ,»
1005 3871 1055 3924 buc
1067 3891 1118 3922 non
1130 3893 1201 3948 spee-

129 3947 248 4019 deinceps
257 3945 332 3999 etiarn
344 3945 437 4017 gaudio
449 3948 499 3997 sint
511 3983 518 4006 ,
532 3947 593 4016 quae'
601 3963 644 3996 ec·
693 3959 757 4011 tare,
769 3965 821 3996 non
832 3946 913 4019 magis
921 3965 997 4018 quam
1010 3945 1077 3998 bunc
1089 3969 1117 4000 er
1127 3948 1169 4000 lib.
1177 3949 1198 4016 I,

129 4026 224 4099 cepisse
237 4045 284 4077 nee
295 4025 432 4098 poeniteat,
446 4045 491 4077 uec
502 4025 594 4098 pudeat
605 4023 644 4096 pi·
694 4027 762 4100 epist.
774 4043 808 4079 xx
820 4027 851 4078 ad
863 4027 956 4079 librum
968 4049 1041 4080 suurn
1054 4045 1061 4078 t
1072 4051 1085 4074 ιι
1094 4067 1109 4079 ..
1120 4068 1126 4080 .
1138 4029 1201 4100 Quis

130 4120 247 4180 geatque.
690 4106 757 4158 enirn
765 4107 874 4160 invitum
886 4128 983 4160 servare
993 4107 1089 4160 laboret
1098 4107 1130 4160 ἲ»
1138 4110 1204 4178 Qua

164 4183 189 4236 3.
207 4187 327 4238 Accessrit
343 4183 408 4236 bene
424 4183 496 4236 istam
514 4183 639 4256 vulgatam
689 4182 786 4256 poetico
794 4184 820 4236 in
831 4197 891 4237 testu
903 4185 980 4236 effuse
992 4205 1044 4236 nou
1054 4205 1152 4240 morum
1163 4207 1205 4242 rs·

127 4269 247 4318 accensio
263 4265 370 4318 removit
388 4265 414 4316 in
435 4263 551 4316 omuibus
570 4265 639 4330 iere,
689 4261 777 4336 gulam
790 4282 842 4318 esse
852 4264 941 4316 Horat.
951 4265 1054 4337 putavit.
