2978 4942
460 521 557 593 nm.
584 521 643 612 u,
668 519 780 596 cen
805 524 850 592 v.
1128 528 1194 597 535

116 673 320 719 consensum
339 649 632 744 ministeriumque
644 668 794 721 'constat
817 654 903 722 Sunt
916 651 1078 744 quidam¹
1099 671 1195 726 extra
1219 677 1240 732 s

116 793 253 838 omnem
268 769 427 839 subducti
446 767 690 865 cupiditatem,
711 772 772 863 qui
789 771 847 840 vix
864 770 944 840 ullis
957 770 1118 842 humanis
1137 773 1195 843 dc*

116 885 255 955 sideriis
265 878 516 982 continguntur
534 907 547 954 ε·
563 886 688 980 quibus
705 886 793 956 nihil
813 903 925 980 potest
941 885 1101 982 praestere
1120 893 1195 984 ipsa-

117 1002 268 1072 fortuna.
290 999 437 1073 Necesse
450 997 503 1073 est
520 1029 541 1073 a
558 1005 696 1073 Socrate
711 1003 879 1073 beneficio
892 1006 1034 1107 vincar3
1055 1030 1195 1078 necesse
1300 987 1307 1009 ’
1384 1015 1389 1022 “

117 1135 174 1189 est
186 1144 207 1188 n
218 1121 391 1216 Diogene,
416 1123 476 1214 qui
498 1145 563 1215 per
580 1121 709 1190 medias
722 1119 947 1190 Macedonum
965 1147 1064 1217 gazas
1081 1123 1194 1196 nudus

117 1237 276 1320 incessit,
298 1237 434 1306 calcatis
461 1237 567 1330 regiis
589 1237 724 1330 opibus.
750 1237 875 1305 Onae¹
897 1240 956 1307 ille
974 1255 1056 1309 tnnc
1072 1242 1193 1310 merito
1219 1257 1236 1327 4

109 1369 155 1422 et
171 1353 238 1422 sibi
254 1368 288 1422 et
300 1353 451 1436 ceteris,
472 1353 654 1446 quibusnd
670 1351 916 1447 dispiciendum
930 1357 1108 1426 veritatem
1124 1381 1194 1426 non

118 1485 196 1538 oret
217 1470 331 1540 *odires
355 1471 487 1566 caligo,
508 1491 611 1565 supra
630 1494 707 1538 enm
732 1471 884 1538 eminere
906 1471 999 1538 visus
1025 1487 1078 1540 est
1105 1473 1195 1541 infra

117 1604 222 1677 quem
242 1587 354 1656 omnia
366 1571 561 1680 jaoebdnffl.
585 1586 694 1655 Multo
712 1587 896 1680 potentior,
916 1587 1022 1658 multo
1037 1586 1195 1682 locuple—

116 1703 188 1770 tior
215 1701 280 1771 luit
304 1705 417 1774 omnin
442 1719 525 1772 tunc
551 1702 746 1797 possidente
767 1703 978 1792 Alexandr03
1002 1705 1079 1800 plus
1102 1707 1194 1774 enim

115 1834 214 1903 erat,
233 1817 328 1912 quod
344 1819 403 1888 hie
423 1817 529 1888 nollet
545 1821 723 1914 accipere,
754 1845 856 1911 quam
880 1819 976 1914 quod
1003 1821 1062 1890 ille
1081 1838 1202 1916 posset

113 1933 213 2004 dare.

167 2054 210 2123 V.
229 2055 306 2122 Non
328 2069 380 2124 est
399 2069 500 2147 turpe
515 2052 628 2122 abhis
640 2053 731 2121 vinci
743 2081 753 2140 3
765 2077 877 2146 neque
891 2056 983 2124 enim
997 2056 1109 2125 minus
1123 2056 1194 2126 for-

114 2170 163 2237 tis
175 2192 267 2253 sum,
290 2170 319 2237 si
335 2192 413 2238 cum
429 2167 671 2239 invulnerabili
688 2192 743 2236 me
759 2168 857 2239 hoste
876 2166 1104 2242 commistim:
1127 2197 1194 2242 nec

115 2284 197 2355 ideo
211 2287 302 2381 ignis
320 2287 432 2355 minus
451 2307 554 2355 urere
572 2299 703 2380 potest,
722 2285 751 2352 si
769 2287 806 2354 in
822 2289 999 2357 materiem
1011 2288 1133 2358 incidit
1145 2290 1200 2356 in«

115 2400 311 2471 violabilem
325 2389 469 2470 flammis
486 2429 495 2488 3
512 2424 577 2470 nec
594 2401 673 2470 ideo
691 2401 823 2470 ferrum
841 2403 978 2472 secandi
994 2405 1062 2474 vim
1075 2404 1196 2499 perdi«

117 2517 192 2601 dit,
220 2519 342 2586 sinon
367 2519 538 2612 recipiens
564 2519 669 2587 ictum
696 2519 784 2612 lapis
811 2518 960 2603 solidus,
989 2521 1193 2615 invictaeque

105 2624 283 2694 -advorsus
309 2622 395 2694 durs
422 2641 572 2709 naturae,
602 2622 809 2704 dividendus
832 2617 919 2693 cst⁵.
946 2623 1042 2696 Idem
1067 2626 1131 2696 tibi
1150 2626 1194 2696 de

153 2848 176 2882 ι.
188 2827 258 2882 Smu
271 2829 397 2900 qnidam,
411 2838 472 2894 ete,
493 2845 557 2897 quos
575 2836 630 2893 post
678 2825 838 2900 possidebst,
858 2826 1065 2900 regsPerssrum
1082 2825 1193 2880 subacto.
1245 2811 1249 2820 Ι

116 2906 171 2978 ipse
182 2905 311 2980 appellat,
330 2906 460 2971 Socrates,
480 2905 631 2978 Diogenes·
711 2904 744 2957 V·
754 2906 826 2958 Ans.
839 2906 899 2958 Nou
916 2904 1002 2961 mium
1022 2906 1112 2957 sortem
1124 2905 1194 2958 hune
1308 2906 1312 2914 '

116 3003 170 3056 que
187 2983 330 3058 sinopensis
349 3001 356 3036 :
376 2983 408 3037 de
429 2983 478 3036 hoe
495 2981 632 3056 posteriore
681 2981 1196 3052 esseqnieuminvulnerebilihostecom·

118 3061 210 3116 omnis
224 3072 286 3114 note
296 3073 365 3128 suut,
374 3059 490 3134 inprimis
497 3059 572 3128 illud,
580 3081 633 3131 quo
681 3059 803 3124 mittitur,
814 3079 869 3114 uon
881 3059 967 3114 miuus
979 3060 1092 3114 calidum
1104 3073 1130 3113 et
1142 3080 1196 3114 orn-

118 3141 219 3198 Sensce
242 3142 271 3194 lt.
294 3140 313 3193 l.
335 3141 462 3216 respexit,
486 3158 632 3214 responsum
682 3137 726 3190 niu
737 3139 789 3191 lere
800 3149 945 3190 exacturum
955 3137 1051 3207 iguem,
1062 3138 1195 3192 etiamsiin

119 3220 269 3279 Alexeudro
289 3219 327 3275 Μ.
337 3220 439 3294 roganti
454 3232 483 3277 ut
507 3219 601 3273 diceret
612 3218 634 3273 si
683 3215 814 3270 materiam
825 3215 1004 3270 inviolabilem
1013 3217 1121 3270 flammis
1131 3217 1197 3270 ceei-

120 3297 185 3370 qnid
196 3297 246 3350 sibi
257 3317 321 3372 opus
338 3312 401 3353 esset
413 3317 421 3353 ε
432 3297 508 3351 Nunc
518 3297 631 3368 quidem,
683 3295 762 3348 derit:
774 3315 828 3348 non
840 3295 925 3348 minus
940 3314 1001 3368 ergo
1013 3296 1083 3349 hunc
1096 3309 1197 3370 gratum

120 3377 265 3450 paullulum
280 3396 295 3428 a
314 3375 376 3430 sole.
391 3375 445 3428 Cic.
458 3377 534 3428 Tusc.
547 3375 586 3438 V,
600 3373 633 3425 32
682 3371 728 3443 qui
738 3373 824 3426 minus
842 3385 948 3446 prestet.
959 3374 1013 3427 Nos
1028 3376 1079 3427 sere
1097 3394 1197 3448 semper

120 3454 168 3508 ubi
180 3454 252 3527 plum
262 3453 295 3512 de
305 3453 425 3527 Diogene
434 3464 570 3506 occurrunt
579 3471 634 3505 me·
683 3468 699 3502 e
718 3451 864 3523 perentibus
883 3450 1014 3505 beneficiis
1027 3453 1112 3517 viuci;
1127 3453 1198 3524 quod

120 3532 325 3606 montndigne„
684 3527 1198 3605 ubinecesserium,quomodoestturpe?

157 3634 182 3666 α.
196 3611 293 3666 Onoee
307 3623 415 3683 quatuor
425 3611 499 3665 codd.
510 3610 586 3664 Grut.
597 3629 637 3662 re·
686 3604 747 3658 Non
767 3607 969 3680 ignominiosum
987 3629 1041 3662 non
1055 3610 1175 3682 consequi
1189 3648 1197 3677 ,

122 3702 233 3762 ceptum.
244 3689 332 3742 Olim:
343 3692 434 3744 Nonne
443 3693 496 3744 ille.
686 3684 764 3738 modo
775 3686 895 3756 sequeris.

157 3768 180 3821 3.
200 3767 280 3838 Irfia
296 3787 371 3838 quem
385 3772 477 3820 omneis
495 3767 637 3835 jaeebunt,
719 3763 743 3827 l·
755 3760 788 3814 Si
801 3783 860 3816 cum
870 3764 1055 3818 invulnerabili
1069 3785 1112 3818 me
1126 3767 1198 3821 lsoste

121 3856 297 3918 quotenusrex
306 3843 465 3898 Macedonia
475 3863 558 3896 rerum
568 3843 637 3897 Gru·
685 3843 832 3894 comnsittis.
846 3840 993 3905 Committi,
1006 3843 1127 3910 componi
1140 3845 1200 3915 quis

122 3923 172 3978 ciae
183 3922 275 3996 potitus
286 3934 345 3975 eret.
356 3922 386 3974 ld
397 3935 482 3975 antem
498 3935 560 3974 tunc
576 3933 637 3974 tem·
686 3917 793 3983 dicitur,
804 3917 850 3989 qui
862 3938 919 3972 cum
928 3920 1041 3990 quodem
1050 3933 1144 3975 certare
1153 3923 1198 3976 de·

122 4001 193 4077 poris
204 4000 313 4074 egebat,
331 4015 360 4055 ut
369 4001 465 4054 bellum
478 4013 564 4054 contra
583 4001 637 4053 Da·
685 3994 745 4057 ben
758 3997 942 4050 invulnerabili
948 4009 1050 4068 propter
1058 4001 1201 4074 ermmclye

123 4079 194 4133 rium
221 4075 399 4133 Cndomtnum
426 4078 606 4151 aggrederetur
628 4095 636 4132 ε
685 4092 778 4143 psum,
791 4073 918 4127 thoracem
925 4087 991 4139 ,ete

123 4157 211 4228 iteqne
217 4155 328 4210 necdum
338 4156 466 4230 fastigium
474 4157 591 4229 potentie
600 4175 637 4208 es·
719 4153 742 4204 5.
753 4152 782 4204 Si
790 4153 943 4205 dividendum
952 4163 997 4205 est.
1009 4152 1037 4206 Si
1047 4153 1068 4206 is
1079 4152 1141 4228 lepis
1152 4156 1202 4226 qui.

124 4235 254 4290 ceudeset.
267 4233 307 4288 Gl-
324 4231 453 4288 Plutarch.
468 4233 513 4285 vit.
530 4232 637 4287 Alexin·
685 4230 836 4284 dividendus
855 4232 1003 4304 proponitur
1023 4252 1079 4302 non
1094 4235 1205 4309 recipiet

125 4311 167 4376 dri
176 4307 252 4386 pilipr
261 4313 317 4366 trct
324 4309 429 4386 Proprie
438 4310 523 4364 omnia
533 4311 634 4364 demum
686 4309 762 4361 ictum
775 4347 780 4372 ,
794 4321 840 4362 cte.
