2966 4948
264 473 328 556 214
414 469 482 538 su
507 425 781 544 Petierunt
807 471 1172 544 consculrro.

197 591 203 604 ’
226 635 241 666 2
265 600 414 672 rioribus
428 601 563 696 scriptis
577 599 620 670 ud
632 601 706 670 haec
718 599 880 673 solutiore
893 600 1095 695 producere.
1108 607 1148 677 lu
1162 603 1230 677 illis
1244 605 1337 677 enim

266 718 421 812 quamvis
432 740 562 812 aegruus
576 740 653 806 eum
664 715 798 804 adhuc,
816 735 851 788 et
864 742 978 790 secum
995 721 1237 803 reluctantem,
1257 745 1340 793 svo·
1438 745 1442 751 ·

268 835 387 904 cabit¹
410 835 483 927 ipse
502 858 618 907 rerum
644 859 728 926 quas
755 836 914 918 tractabit
932 839 1112 908 austeritas
1133 863 1143 906 t
1162 839 1236 908 haec
1263 863 1342 932 qum

268 952 409 1019 remissa
422 951 533 1018 fronte
547 950 805 1020 commentanda
818 956 926 1035 sunt²,
944 977 1014 1021 non
1029 952 1137 1036 feret,
1152 955 1219 1024 nisi
1233 979 1342 1046 quum

265 1068 337 1161 jam
356 1066 421 1134 sibi
440 1065 485 1134 ab
503 1067 594 1135 omni
612 1083 710 1159 purte
727 1069 917 1138 constiterit
928 1059 955 1135 ³.
973 1071 1093 1162 Itaque
1109 1065 1250 1140 debebis
1263 1093 1343 1138 eum

271 1182 439 1251 severiore
450 1183 592 1274 materia
603 1185 751 1276 primum
761 1207 935 1267 exercere,
950 1183 1075 1258 deinde
1088 1184 1250 1258 hilariore
1260 1199 1346 1252 tem-

230 1315 246 1366 3
270 1324 406 1394 perere.
421 1298 513 1368 Illud
526 1325 662 1394 quoque
679 1325 803 1394 magno
814 1302 877 1370 tibi
893 1303 961 1370 erit
976 1302 1187 1385 levamento,
1207 1303 1235 1370 si
1253 1307 1350 1394 saepe

272 1435 305 1486 te
316 1419 364 1485 sic
376 1417 644 1510 interrogaveris
655 1421 838 1489 :Utrumne
853 1442 928 1486 meo
940 1420 1078 1494 uomiue
1089 1417 1200 1500 doleo,
1213 1443 1259 1487 un
1270 1418 1349 1510 ejus

273 1535 333 1628 qui
348 1527 534 1602 decessit⁴i
548 1535 583 1602 Si
602 1557 699 1616 meo,
721 1535 811 1628 perit
823 1533 1147 1628 mete-indulgentias
1168 1528 1344 1626 ⁵jactatio‚

274 1667 308 1718 et
332 1651 454 1744 incipit
472 1649 585 1732 dolor,
607 1649 674 1718 hoc
690 1674 761 1718 uuo
780 1665 956 1738 excusatus
975 1649 1068 1742 quod
1086 1650 1249 1728 honestus
1267 1663 1346 1730 est,

274 1791 380 1868 quum
391 1765 435 1833 ad
447 1765 629 1868 utilitetem
640 1767 822 1860 respiciat,
837 1791 859 1834 a
869 1767 996 1859 pietate
1008 1764 1200 1838 desciscens
1210 1760 1237 1834 ⁶.
1250 1763 1349 1846 Nihil

275 1899 388 1952 autem
407 1883 519 1950 minus
538 1868 628 1950 lieno
648 1883 723 1970 viro
741 1883 920 1969 convenit,
943 1906 1044 1975 quam
1061 1884 1098 1952 iu
1118 1885 1233 1960 fratris
1251 1882 1349 1956 luctu

234 2009 250 2074 l
277 1998 423 2068 calculos
447 2003 612 2091 pouercl.
640 1999 676 2068 si
699 1997 791 2066 illius
812 2000 950 2068 nomine
971 1997 1092 2086 dole03
1114 2023 1254 2072 necesse
1270 2015 1346 2080 est,

276 2117 478 2188 alterutrum
502 2139 544 2183 ex
567 2116 622 2184 his
639 2115 773 2184 duobus
791 2138 863 2183 esse
877 2114 1031 2208 judicem
1059 2141 1068 2180 :
1089 2141 1167 2186 uem
1185 2117 1214 2186 si
1233 2115 1353 2186 nullus

277 2228 448 2298 defunctis
460 2253 577 2299 sensus
590 2244 744 2322 superest
754 2222 782 2312 ⁸,
799 2230 905 2297 evasit
920 2231 1033 2298 omnia
1045 2230 1150 2298 frater
1162 2253 1259 2301 meus
1269 2231 1350 2298 vitae

277 2343 511 2428 incommoda,
532 2361 566 2412 et
584 2346 621 2413 in
635 2368 714 2415 eum
732 2345 908 2414 restitutus
925 2361 976 2414 est
994 2345 1126 2431 locum,
1144 2347 1263 2438 inquo
1278 2346 1354 2417 lue-

277 2539 337 2579 nots
348 2525 449 2577 estllss
461 2521 577 2578 noudum
589 2523 661 2576 omni
673 2535 741 2596 perte
755 2522 787 2574 sd
837 2538 876 2577 cet
886 2523 1074 2600 indulgentiam
1086 2545 1170 2578 mum
1182 2526 1220 2594 (i.
1238 2545 1261 2578 c.
1278 2523 1351 2598 quod

277 2607 404 2678 liquidum
416 2605 535 2680 perducta
548 2616 591 2658 est.
604 2604 633 2656 Si
643 2601 704 2658 liuli
714 2603 784 2658 Festi
836 2604 920 2662 dolori
930 2605 1077 2679 indulgeam
1087 2609 1097 2673 )
1106 2619 1131 2658 st
1143 2605 1198 2677 pios
1211 2625 1271 2680 erge
1281 2626 1352 2660 mor·

278 2687 372 2740 Avieni
385 2700 457 2740 aetsts
477 2686 512 2752 (i.
528 2686 564 2738 lv
580 2683 685 2751 seculo)
699 2682 789 2736 vixerit
837 2695 910 2736 tuum
917 2685 1019 2736 fratrem
1031 2703 1118 2737 sensus
1130 2683 1229 2758 jactare.

279 2765 464 2836 auctor‚quod‚
473 2761 690 2834 quantumscism,
700 2760 798 2814 doceri.
871 2761 896 2813 6.
909 2761 948 2814 Et
958 2764 1048 2829 incipit
1049 2798 1124 2815 .........
1137 2764 1286 2816 desca'soem.
1304 2761 1350 2815 Sic

278 2855 375 2914 potest.
387 2854 473 2894 nostro
486 2840 680 2895 concedendum
689 2852 790 2904 est‚ne.·
840 2852 956 2892 construe
965 2858 972 2892 :
982 2864 995 2888 «
1006 2841 1039 2892 Et
1047 2838 1226 2913 incipitdolor‚
1235 2859 1248 2890 s
1257 2837 1350 2909 pietate

278 2921 343 2972 mini
354 2921 531 2972 Romanorum
543 2917 593 2971 hoc
605 2936 686 2989 genus
699 2917 737 2983 (i.
748 2918 791 2970 is·
840 2915 993 2982 desciscens,
1003 2935 1083 2987 quum
1093 2916 1124 2969 sd
1135 2915 1210 2968 utilit.
1219 2915 1350 2989 respiciat,

278 2999 350 3051 lsulas
361 3001 370 3064 )
386 3010 509 3050 tentatum
528 2996 613 3049 fuisse.
631 2995 687 3066 Qui
703 3008 790 3050 temen
841 2992 914 3048 dolor
924 3007 1053 3048 excusatus
1063 2994 1112 3048 hoc
1122 3014 1174 3048 uuo
1183 2993 1268 3066 quod,
1278 3007 1326 3048 sto·
1336 3015 1352 3040 ⁸

278 3075 417 3129 Phaedrum
428 3074 540 3148 Augusti
551 3088 576 3126 et
585 3073 683 3128 'liberii
692 3085 793 3146 tempo·
876 3093 897 3140 7.
919 3075 1039 3126 Calculus
1058 3091 1160 3142 ponem
1185 3072 1268 3124 Etiam
1291 3092 1351 3126 mo-

279 3151 348 3204 ribus
366 3153 508 3224 assignent,
528 3161 642 3203 nostmm
666 3149 791 3204 memoris
839 3151 920 3204 rieule
933 3153 1025 3218 fratrs,
1040 3151 1205 3205 commodum
1216 3165 1291 3204 suurn
1304 3171 1351 3202 re-

279 3232 377 3305 lapsum
390 3249 442 3284 esse
460 3244 503 3284 sut
519 3229 664 3306 ignorantis
682 3229 789 3284 lobon-
840 3229 950 3292 cordon,
960 3231 1081 3304 sogum,
1092 3242 1234 3303 supputare.
1246 3228 1349 3284 Calculi

191 3363 196 3377 ,
279 3312 344 3364 visse
357 3311 529 3376 contendunt,
545 3312 615 3364 unde
636 3311 733 3364 novum
745 3329 791 3362 sr-
840 3319 911 3360 erm
927 3307 1011 3380 exigui
1027 3306 1123 3380 lupides
1136 3316 1352 3378 quommops,ut

280 3403 430 3463 gumeutuus
444 3403 594 3464 expromunt
610 3410 661 3462 quo
673 3389 741 3444 hunc
758 3389 790 3441 li·
839 3397 1108 3448 uumsrsrent,veteres
1119 3383 1251 3438 utebantur
1265 3406 1271 3438 :
1287 3383 1351 3438 hinc

279 3468 375 3522 bellum
383 3471 414 3522 Δ.
423 3468 526 3524 Senecte
536 3489 599 3544 opus
611 3487 665 3522 nou
677 3487 791 3542 sssspro
840 3463 939 3518 Gallica
950 3483 998 3518 vox
1008 3465 1100 3518 calent

279 3546 349 3600 bont.
361 3546 421 3599 Vid.
430 3545 585 3618 lagrange,
597 3548 629 3600 sd
640 3549 666 3600 h.
677 3547 771 3605 locum.
872 3541 1095 3596 &Namstnullus
1106 3539 1299 3610 drswsslisfloc
1311 3539 1351 3594 di·

317 3647 337 3679 ι.
348 3626 483 3679 Accendit.
497 3630 520 3680 Δ
533 3626 627 3680 doloris
636 3645 712 3680 sensu
721 3645 790 3680 nern-
839 3620 932 3673 lemma
943 3639 955 3672 s
967 3620 1073 3672 Platone
1081 3633 1209 3691 sumptum
1217 3637 1270 3670 esse
1283 3617 1352 3672 vide·

280 3723 311 3776 pe
322 3716 347 3755 et
357 3703 455 3773 gemitu
464 3716 593 3777 perpetuo.
839 3708 887 3750 tur.
896 3699 969 3771 Apol.
983 3698 1080 3753 Socrst.
1090 3719 1114 3776 p.
1123 3698 1170 3764 93,
1177 3718 1215 3768 sq.
1225 3697 1257 3750 T.
1264 3697 1287 3763 1,
1299 3697 1351 3770 bip.

314 3804 337 3835 s.
353 3781 566 3836 commentanda.
581 3781 603 3833 1.
616 3800 639 3832 e.
649 3779 791 3836 causatu
839 3774 911 3829 Patet
918 3776 1039 3831 dilemma
1050 3777 1191 3830 claudicare
1196 3795 1294 3846 ,quum
1302 3787 1353 3828 ter·

314 3861 338 3913 3.
346 3849 559 3914 Sibisonstiters‘t.
567 3857 614 3911 Sui
624 3857 675 3928 ism
687 3875 789 3928 compos
839 3855 904 3910 tium
911 3853 1034 3926 quiddam
1043 3855 1107 3926 fingi
1113 3853 1203 3928 possit,
1215 3851 1285 3923 quod
1294 3855 1353 3906 An-

283 3937 344 4004 crit,
353 3937 468 3990 suimum
478 3935 585 3988 omuino
595 3933 735 4008 collegerit.
841 3952 927 3988 naum
942 3945 966 3984 st
981 3931 1105 3986 Ethnicos
1116 3930 1240 4002 sapientes
1251 3947 1353 4003 semper

317 4017 341 4080 4.
356 4016 484 4069 Utrumne
484 4051 533 4066 ......
543 4017 658 4068 decessit.
672 4013 792 4066 Meamne
839 4010 946 4077 fslcllit,
967 4029 1059 4084 nempe
1080 4021 1261 4085 postmortem
1278 4029 1353 4081 posse

282 4096 360 4170 ipsius
371 4096 600 4166 fortunamlugeo,
612 4081 725 4147 millius
733 4112 793 4146 sor·
840 4087 958 4142 hominos
976 4087 1081 4150 miseros
1098 4107 1159 4140 osse.
1179 4084 1285 4156 Alioqui
1295 4085 1352 4146 hnc

282 4187 334 4227 tom
347 4193 422 4246 quem
435 4173 499 4226 mihi
512 4191 579 4226 mors
589 4169 731 4243 surripuit?
842 4181 866 4220 et
877 4165 963 4220 omnis
975 4168 1026 4219 lore
1042 4165 1173 4236 sequeutia
1189 4161 1281 4218 iisdem
1295 4164 1352 4222 fer·-

319 4255 342 4306 5.
353 4254 428 4314 Perit
427 4288 486 4305 .......
494 4250 682 4320 juraturus
698 4247 750 4320 jam
763 4247 793 4304 li·
842 4265 882 4320 ms
894 4245 975 4306 verbis
986 4257 1122 4300 occurrunt
1132 4243 1160 4296 iu
1171 4243 1228 4298 sliis
1241 4241 1349 4300 seneca
