2966 4948
318 525 383 606 ²9⁸
470 513 539 582 DE
566 513 760 585 MORTE
790 513 1012 583 cttssnll
1039 515 1221 584 LUDUS.

314 646 438 714 necubi
461 647 645 738 imparatus
671 663 787 726 esset,
819 647 1040 738 praemiserat.
1068 643 1201 712 Deinde
1225 647 1375 736 preteeti
1469 637 1470 640 ¹

315 763 405 844 duo,
431 764 547 830 Justus
561 763 770 842 Catonius¹,
797 779 833 830 ot
850 761 959 829 lluitn
971 765 985 794 ¹
1001 761 1155 852 Pompeii
1178 762 1221 826 F.
1243 761 1375 828 Deinde

314 879 435 954 mici,
456 877 634 946 &curato
648 868 1375 968 nnnwmpuormpeimtetnu-
1469 851 1470 864 '

275 1017 292 1068 5
314 1017 380 1087 pus
399 986 436 1077 ⁵,
462 1009 498 1062 et
519 994 621 1062 Celer
646 993 803 1074 Asinius,
830 991 1036 1060 eonsulnres.
1059 993 1246 1060 Novissime
1262 992 1378 1060 lintris

314 1106 404 1189 lilia,
424 1107 550 1176 suroris
575 1107 667 1189 fil'n,
690 1127 818 1202 gener,
844 1129 960 1185 nocer,
980 1129 1117 1186 merus,
1135 1123 1253 1174 onnes
1272 1104 1374 1197 plane

313 1225 571 1316 ooumngninei.
590 1227 632 1292 Et
648 1225 783 1316 agmine
802 1223 888 1290 lacto
904 1220 1047 1290 Claudio
1064 1231 1258 1292 occurrunt.
1278 1220 1376 1312 Quos

314 1363 420 1430 quum
431 1339 571 1407 vidisset
582 1337 757 1420 Claudius,
777 1339 961 1420 exclamet,
977 1339 1094 1410 llum
1103 1338 1205 1433 pileos
1215 1337 1324 1432 oelr'pn
1337 1333 1351 1372 ⁶
1363 1335 1371 1398 ¹-

315 1455 518 1546 Qnomodo⁷
532 1481 592 1524 vos
604 1454 673 1522 huc
683 1457 823 1524 remotio
835 1453 950 1524 i’Tnn
958 1454 1052 1523 Pedo
1062 1455 1263 1548 Pompeius:
1281 1454 1376 1546 Quid

316 1568 414 1652 dicis,
428 1570 529 1638 homo
543 1570 775 1638 crudelissime
787 1573 803 1640 ἓ
815 1571 964 1662 Quaeris,
976 1571 1143 1664 quomodo
1155 1572 1171 1638 i
1183 1570 1273 1662 Quis
1285 1571 1377 1636 enim

315 1708 377 1752 nos
392 1683 480 1755 nlius
496 1681 566 1752 buc
590 1685 680 1751 misit
696 1710 796 1776 quam
815 1701 872 1768 tu,
892 1687 1043 1754 omnium
1063 1687 1250 1767 amicorum
1267 1685 1376 1752 inter-

316 1800 449 1866 fector?
468 1801 508 1866 ln
527 1799 585 1890 jus
602 1823 741 1867 eamus:
770 1825 833 1892 ego
855 1802 916 1868 tibi
934 1803 990 1869 hic
1012 1798 1138 1870 sellas⁸
1158 1801 1333 1870 ostendam
1346 1805 1373 1866 ⁹.

364 1915 458 1983 xlv.
486 1915 588 1983 Ducit
606 1915 703 1983 illum
719 1914 763 1984 ad
781 1917 931 1984 tribunal
947 1919 1040 1986 Enni
1056 1920 1101 1986 ¹⁰:
1118 1920 1147 1985 is
1159 1917 1234 2011 lege
1248 1920 1377 1986 Corne·

314 2151 374 2206 dius
391 2147 547 2219 Qasoestoriis
560 2149 745 2219 Proetoriiitqne
758 2171 821 2202 mn·
869 2171 899 2202 re
914 2150 1104 2216 interfecerant,
1117 2165 1160 2204 ant
1168 2151 1322 2204 obliviosum
1334 2172 1377 2203 se-

314 2229 416 2284 nen'bcs
428 2229 473 2280 nbi
483 2233 627 2299 impertias
638 2233 820 2294 esselproemi-
870 2246 931 2279 nem
942 2229 1063 2279 memoria
1078 2229 1135 2280 iscti
1147 2229 1230 2280 statim
1245 2231 1376 2300 elingent.

314 2317 392 2360 urat.
405 2307 555 2360 Suetonium
569 2307 596 2358 in
609 2307 661 2358 vita
669 2305 759 2358 Clautl.
774 2307 819 2372 28,
869 2303 938 2355 Hine
946 2343 953 2368 ,
963 2305 1043 2355 oocisa
1054 2304 1200 2368 Messalina,
1208 2306 1333 2358 Suetonio
1342 2326 1378 2355 re-

315 2382 456 2456 iuspieieuti
467 2385 524 2436 lons
535 2385 680 2436 manifestus
688 2383 745 2448 erit,
753 2381 820 2434 unde
870 2382 973 2448 ferente,
978 2381 1068 2434 Claud.
1075 2383 1117 2454 39,
1125 2397 1255 2454 postquam
1265 2385 1294 2435 in
1303 2383 1377 2436 tricli-

315 2459 357 2514 ltoe
386 2461 589 2534 interpolationes
611 2461 822 2534 interpretationis
871 2459 915 2510 nio
927 2458 1142 2530 decubuit,qunm
1154 2461 1261 2514 domina
1272 2481 1326 2514 non
1335 2483 1374 2512 ve-

317 2559 390 2592 eansa
399 2539 506 2612 margini
518 2541 621 2614 appictae
630 2539 756 2590 fluxerint.
768 2539 823 2589 lm·
870 2537 950 2598 niret,
962 2538 1107 2608 requisivit3
1118 2540 1150 2591 el.
1159 2540 1192 2590 ad
1203 2560 1224 2590 c.
1240 2560 1250 2590 ι
1258 2559 1281 2602 ι,
1289 2559 1310 2590 ι.

316 2615 395 2688 perite
410 2629 493 2670 antem
511 2617 604 2669 sciolus
620 2616 727 2686 quidam
743 2633 822 2687 oppo-
902 2615 1136 2668 ttSettasJudiees
1146 2615 1251 2668 enimin
1262 2614 1377 2667 sellisant

315 2692 382 2758 suit,
395 2713 474 2764 quum
490 2693 574 2748 Pallas
587 2710 642 2766 post
655 2693 822 2746 Claudiumn
869 2693 995 2745 subselliis
1005 2693 1376 2756 sedebant;cl.Sueton.Clancl.

315 2771 417 2824 Nerone
428 2792 528 2823 veneno
541 2772 652 2824 sublatus
664 2772 703 2823 sit.
716 2771 756 2822 Cl.
766 2771 823 2823 Ta·
872 2770 912 2822 23.
933 2771 1016 2823 Sellas
1036 2785 1119 2824 autem
1142 2771 1202 2823 dicit
1226 2783 1375 2844 propterea,

316 2848 359 2900 citi
371 2849 463 2901 Annal.
476 2849 537 2900 xlv
550 2848 597 2900 fin.
871 2849 940 2919 qnod
954 2849 1057 2916 Minos,
1069 2849 1164 2900 AEacus
1176 2861 1200 2900 et
1211 2849 1377 2900 Rhadaman-

352 2925 475 2978 elmon
485 2925 617 2978 Catonius.
624 2922 821 2976 Confirmatllio
870 2929 944 2994 thus,
959 2942 988 2980 ut
1004 2942 1120 3002 pretores
1139 2929 1297 2994 inferorum,
1315 2929 1376 2980 sella

318 3001 385 3056 Cass.
395 3003 450 3062 LX,
464 3003 501 3054 18.
869 3007 975 3078 quisque
988 3027 1033 3058 sua
1044 3007 1126 3058 curuli
1134 3007 1279 3058 utebantur.

350 3100 373 3131 a.
385 3079 482 3146 Ilnsus.
500 3079 561 3130 Esse
575 3079 675 3131 ridetur
693 3077 821 3152 Sulpicius
901 3083 1001 3155 §Ego
1014 3084 1062 3135 tibi
1074 3084 1113 3135 bic
1128 3087 1208 3135 sellus
1230 3087 1374 3136 ostendam.

314 3158 397 3210 liuius
406 3177 445 3230 ap.
452 3157 532 3209 Tacit.
540 3159 609 3208 Ann.
618 3159 665 3223 ΧΙ,
674 3157 705 3210 35
715 3156 760 3210 fin.
769 3159 820 3210 ltu-
869 3161 1219 3234 coddparimhticseettas
1228 3163 1374 3214 ostendam.

314 3235 355 3286 lus
373 3247 455 3288 autem
476 3255 618 3308 cognomen
639 3235 819 3308 Pompeiorum
870 3237 921 3289 Alii
930 3238 998 3312 apud
1007 3237 1325 3290 Fromoutlumautsleloc
1333 3251 1375 3290 ant

314 3311 390 3363 luisse
409 3310 482 3364 docet
498 3313 599 3366 Ernesti
616 3313 671 3364 luti
691 3313 750 3365 bist.
773 3313 819 3364 sub
867 3315 977 3367 sitellas.
989 3315 1040 3367 set
1050 3317 1131 3370 sellas
1140 3313 1236 3366 bonum
1247 3314 1376 3366 esseride-

315 3410 370 3442 voc.
378 3389 521 3464 Pompeius.
867 3404 907 3444 tnr
919 3412 925 3443 2
936 3392 1024 3466 probat
1033 3411 1135 3462 quoqne
1147 3404 1203 3464 post
1212 3391 1374 3444 Gronoviurn

348 3467 372 3522 3.
392 3467 497 3526 Satura.
515 3467 634 3523 Luscius.
652 3469 731 3522 Tacit.
751 3472 819 3522 Ann.
869 3472 956 3538 linet,
966 3471 1011 3541 qui
1019 3468 1239 3542 intelligittsellas
1251 3468 1373 3540 judicum.

314 3547 361 3612 Xl,
374 3548 415 3599 31.
870 3549 974 3604 Accedit
984 3549 1147 3620 Sonntagius.

347 3628 370 3694 L
382 3625 456 3679 Pedo
467 3625 617 3698 Pompeius.
629 3628 709 3680 Tacit.
720 3627 766 3692 xl,
776 3627 818 3690 35,
902 3629 970 3680 xlv.
979 3629 1049 3680 Atto.
1060 3625 1137 3680 AEaei
1144 3625 1249 3697 quatio
1259 3625 1288 3676 in
1299 3624 1375 3677 Clau-

314 3703 439 3780 appellare
455 3705 556 3760 ridetur
567 3727 625 3758 eum
638 3706 768 3760 Urbicum.
784 3705 820 3757 lli
869 3703 994 3772 dium,ut
1000 3705 1128 3758 sicarium.

313 3803 402 3837 omnes
418 3783 549 3836 occasione
570 3784 656 3837 mortis
678 3781 819 3837 Messalino
904 3803 942 3836 ιο.
953 3781 1045 3836 AEaci.
1062 3781 1138 3836 llautl
1157 3783 1210 3836 scio
1230 3802 1264 3835 an
1288 3795 1374 3834 auctor

313 3859 430 3914 trucidati
438 3872 505 3912 suut.
866 3860 924 3912 ideo
937 3861 1048 3914 AEacum
1059 3857 1102 3912 bic
1110 3860 1270 3931 quesitorem
1281 3859 1374 3912 eonsti-

347 3941 371 3991 5.
383 3935 482 4006 Lupus.
493 3938 573 3992 Tacit.
583 3940 628 4004 xl,
639 3938 679 3990 35.
869 3937 963 4000 tuerit,
985 3937 1071 4010 qnod,
1086 3938 1192 3991 Platone
1209 3939 1237 3989 in
1254 3936 1354 4008 Gorgia
1366 3975 1373 4000 ,

346 4017 370 4070 6.
382 4022 459 4072 Πάντα
469 4020 541 4086 φίλων
554 4018 635 4086 elipe
644 4016 650 4066 l
659 4015 680 4066 l.
691 4037 713 4068 e.
722 4014 817 4067 Omnia
867 4013 927 4066 vol.
938 4015 985 4079 lv,
996 4037 1020 4086 p.
1033 4013 1088 4079 166,
1098 4015 1156 4089 Bip.
1167 4013 1376 4076 relerente,AEa-

313 4095 401 4148 amicis
416 4095 524 4164 repleta!
868 4112 910 4144 cus
920 4093 1056 4167 Europaeos
1068 4091 1168 4162 judicet
1180 4093 1341 4145 iustissimus
1352 4105 1376 4144 et

346 4193 368 4242 7.
386 4171 538 4242 Quomodo,
548 4184 594 4224 etc.
603 4169 738 4240 Plerosque
746 4168 816 4222 enim
866 4168 1062 4244 sapientissimus
1073 4169 1147 4242 jutlex
1155 4171 1247 4245 primo,
1261 4171 1310 4222 nisi
1320 4169 1375 4221 lal-

313 4266 354 4306 aut
366 4252 491 4324 nesciente
505 4251 612 4304 Claudio
621 4249 705 4303 liberti
717 4271 816 4303 uxores·
865 4248 922 4316 lor,
933 4271 948 4302 a
959 4251 1071 4304 Pindaro
1081 4249 1169 4304 lstbm.
1182 4249 1257 4314 vltt,
1268 4249 1310 4321 ⁴9,
1322 4253 1372 4310 so,
