2976 4944
533 467 700 536 curua
731 469 770 535 r.
1135 467 1176 557 ⁵7

28 575 29 628 l
117 599 243 673 Nunc,
268 578 360 687 quod
380 597 459 663 satis
479 596 588 664 estad
606 598 888 664 omnesmiserias
905 591 1101 676 leniendas,
1123 617 1178 662 sa·

26 743 27 758 2
119 710 295 801 pientibus
307 710 412 778 riris¹
429 733 483 778 mc
497 708 598 794 dedi,
615 728 649 778 et
660 710 808 779 nondum
821 709 857 782 in
870 709 1029 778 auxilium
1043 708 1108 774 mei
1122 731 1171 775 va·

115 825 203 894 lidus
220 833 249 908 ²,
275 828 310 893 in
328 827 437 893 aliena
465 843 573 896 casua
599 819 774 926 conlugi³,
800 852 916 895 corum
943 825 1090 904 scilicet,
1118 825 1178 916 qui

118 940 213 1008 facile
235 963 273 1008 se
285 956 321 1008 et
333 963 392 1008 sua
411 951 563 1012 tuentur.
582 941 638 1010 Illi
656 966 709 1010 me
724 943 900 1036 jusserunt
913 955 1002 1013 stare
1020 939 1174 1018 assidue,
1201 944 1218 998 ³

116 1056 209 1123 velut
228 1057 267 1124 in
286 1055 443 1150 praesidio
460 1050 649 1149 positum⁴‚
670 1074 704 1124 et
717 1081 832 1125 omnes
853 1073 991 1125 conatus
1011 1055 1174 1136 fortunar,

115 1184 148 1236 et
162 1195 283 1239 omues
296 1173 441 1265 impetus
455 1173 648 1265 prospicere
664 1172 768 1239 multo
781 1187 858 1238 ante
873 1195 973 1264 quam
987 1172 1173 1238 incurrant.

117 1282 189 1350 lllis
209 1285 324 1376 gravis
337 1299 410 1365 est,
432 1281 556 1374 quibus
574 1300 625 1352 est
641 1285 818 1376 repentina
836 1311 844 1350 z
865 1284 962 1352 facile
983 1307 1055 1351 cam
1075 1281 1177 1349 susti-

118 1415 200 1482 net,
218 1403 279 1492 qui
294 1425 428 1494 semper
443 1416 623 1494 exspectat.
638 1404 720 1469 Nam
735 1417 770 1469 et
787 1401 933 1470 hostium
945 1397 1108 1468 adrentus
1120 1422 1177 1468 eos

117 1516 324 1605 prosternit,
348 1540 432 1607 qnos
453 1517 624 1608 inopinate
644 1519 819 1610 occupavit
841 1545 848 1584 :
868 1533 902 1585 at
926 1516 985 1608 qui
1005 1515 1117 1582 firturo
1140 1536 1175 1580 se

116 1631 207 1698 bello
224 1647 306 1698 ante
324 1631 449 1698 bellum
466 1647 690 1724 paraverunt,
714 1631 888 1727 compositi
905 1648 940 1699 et
955 1631 1080 1724 aptati,
1102 1629 1176 1722 pri-

116 1771 232 1829 mum,
256 1749 317 1839 qui
330 1748 645 1817 tumultuosissimas
659 1765 732 1833 est,
749 1750 851 1818 ictum
870 1749 967 1818 facile
989 1748 1173 1841 excipiunt.

114 1863 298 1954 Nunquam
311 1887 376 1956 ego
396 1863 537 1931 fortunae
551 1862 705 1947 credidi,
726 1865 855 1932 etiamsi
870 1864 1045 1932 videretur
1058 1884 1175 1956 pacem
1199 1871 1216 1935 l

114 2001 218 2070 agere
233 2004 241 2045 ε
256 1981 369 2046 omnia
377 1980 433 2047 illa
444 2029 455 2064 ,
468 2003 544 2070 quae
557 1981 593 2046 in
600 2003 653 2047 me
663 1979 954 2076 indulgentissime
966 1976 1172 2060 conferebat,

115 2093 319 2182 pecuniam,
342 2091 507 2173 honores,
530 2091 690 2188 gloriam,
712 2117 751 2160 eo
772 2092 844 2160 loco
857 2093 976 2185 posui,
995 2090 1087 2158 unde
1104 2114 1175 2184 pos·

116 2219 168 2271 set
183 2227 225 2272 ea
238 2207 312 2273 sinc
331 2221 422 2274 motu
433 2230 507 2274 mco
518 2200 706 2299 repetere⁵.
728 2208 944 2276 Intervallum
962 2209 1051 2276 inter
1070 2206 1127 2274 illa
1141 2222 1177 2274 ct

122 2358 137 2366 “
155 2377 175 2408 ι.
186 2355 355 2426 Sopimtr'bus
364 2362 437 2413 viris.
445 2361 465 2412 l.
477 2379 498 2413 e.
512 2357 621 2437 pbiloeo·
701 2363 724 2428 4
730 2364 806 2415 Velut
814 2364 840 2413 in
846 2381 924 2430 proes.
932 2366 1057 2430 positum.
1069 2360 1113 2412 Est
1119 2359 1173 2414 bac

116 2432 181 2503 plriae
201 2435 335 2500 studiosis,
357 2448 381 2490 et
400 2436 534 2510 pracsertim
552 2436 621 2490 Stoi·
669 2437 810 2492 Stoicornm
828 2438 1053 2510 sententistquare
1070 2457 1171 2511 comps·

113 2512 166 2575 cis,
179 2513 205 2564 in
216 2535 325 2584 quorum
333 2515 403 2568 libris
414 2515 525 2589 legendis
539 2517 621 2568 ulium
668 2529 786 2568 taverunt
797 2517 938 2586 frequenter
949 2515 1027 2568 vitam
1039 2535 1097 2568 cum
1106 2515 1172 2567 mili·

114 2609 189 2640 suum
204 2589 339 2643 collocasse
353 2590 459 2645 videtur.
471 2592 511 2644 Sit
520 2612 620 2663 quoque
667 2589 709 2642 tia.
722 2591 840 2664 Exempla
855 2592 970 2662 quosdam
984 2590 1087 2662 collegit
1099 2591 1173 2643 Gata-

116 2665 202 2736 Agric.
210 2665 360 2732 c.l,b,'l'acit.
370 2667 422 2726 «si.
433 2681 461 2720 nt
469 2668 620 2740 sapientibus
667 2668 719 2720 ker.
727 2668 887 2724 adelntoniu.
899 2689 922 2742 p.
933 2688 973 2738 77,
984 2669 1025 2737 78,
1034 2667 1172 2740 addiopor-

113 2743 212 2813 placet,
223 2763 277 2796 uon
285 2765 450 2820 cumcorpore
459 2765 558 2819 magua
566 2747 619 2800 sui·
667 2746 723 2806 tuit,
731 2765 787 2817 quse
793 2747 906 2802 Socrates
913 2766 951 2820 ap.
958 2743 1171 2818 Platomlpolog.

112 2821 558 2892 maeexstiuguuntur.sl²orroesdem
568 2843 620 2876 rer
667 2843 692 2895 p.
704 2821 745 2889 66,
758 2825 798 2891 67.
810 2822 884 2875 Tom.
899 2823 919 2873 l.
933 2819 990 2896 Bip.
1005 2831 1029 2872 et
1039 2819 1099 2873 alibi
1110 2837 1172 2893 prse-

113 2895 206 2948 boruru
218 2897 285 2970 apud
299 2899 400 2951 Grecos
412 2900 476 2952 ratio
487 2899 584 2961 exstitit,
596 2911 620 2953 et
667 2897 733 2951 clare
754 2897 819 2951 hanc
831 2899 858 2956 iu
871 2919 924 2952 rem
946 2897 1076 2965 disseruit,
1096 2918 1171 2969 quem

113 2974 186 3039 σόφος
195 2973 264 3026 idem
277 2975 339 3030 olIm
350 2977 471 3048 luitquod
482 2989 565 3050 postea
573 2999 620 3044 φι-
668 2975 743 3027 ceteri
761 2974 808 3028 bac
829 2976 937 3028 formula
958 2987 1054 3028 utentes
1072 2976 1171 3046 sequuti

115 3051 619 3130 ideoquellamquisapientiatetscieuliae
668 3051 854 3107 essevideutur.

113 3127 190 3182 laude
209 3129 333 3202 praecipue
355 3132 557 3195 celebrabantur,
577 3151 619 3187 eos
701 3132 723 3181 5.
734 3127 878 3198 Nunquam
891 3132 1057 3204 egofhrtunoe
1060 3167 1126 3182 ........
1127 3130 1170 3183 bo

113 3207 449 3280 rulgnscu'pwesppellabsq
459 3221 483 3263 et
491 3209 618 3268 modestia
666 3217 906 3275 nores......rcpetere.
917 3209 1037 3260 Nostrum
1049 3205 1099 3274 jam
1113 3218 1170 3259 aute

113 3301 188 3332 causa
211 3282 306 3354 primus
324 3283 479 3356 Pythagoras
503 3303 581 3358 quum
603 3303 617 3338 u
666 3281 780 3334 exsilium
793 3295 843 3335 tam
860 3284 954 3336 divitiis
967 3283 1097 3357 gloriaque
1117 3283 1172 3336 elo·-

113 3359 264 3428 quibusdam
284 3360 449 3434 interrogatus
468 3362 523 3432 quis
540 3373 616 3426 esset,
666 3359 775 3426 quentia
796 3359 894 3412 virtutis
912 3378 940 3412 ac
958 3360 1080 3412 doctrine
1096 3357 1171 3412 lende

113 3438 241 3510 respoudit
251 3456 258 3489 :
267 3439 403 3508 φιλόσοφος
412 3442 479 3511 quod
490 3439 565 3514 ipsius
582 3441 618 3492 di·
666 3455 740 3505 quam
753 3435 891 3489 bonoribus
906 3437 1056 3502 eminuisse,
1069 3435 1129 3488 inde
1141 3435 1170 3488 li·

110 3515 200 3588 scipuli
213 3517 353 3586 exemplum
368 3517 415 3569 sibi
428 3535 583 3590 proposuere.
666 3523 743 3582 quel,
762 3513 830 3583 (111οἆ
852 3514 904 3587 ἱμθ
929 3514 994 3565 infr·
1015 3533 1067 3586 ⁶¹P·
1086 3514 1130 3579 ¹4·
1144 3513 1170 3564 3·

144 3593 617 3648 2.Inousttaummetvatmus.ltalir-
665 3609 691 3642 80
709 3610 812 3664 puerum
834 3594 983 3659 locupllilm
998 3601 1087 3654 'wls
1101 3601 1125 3641 ⁸²
1140 3609 1170 3641 ²¹

108 3687 166 3720 mus
180 3681 207 3720 ut
218 3669 268 3742 ipse
278 3668 341 3722 mibi
350 3670 443 3723 auxilio
452 3689 503 3722 esse
515 3670 615 3744 possim.
665 3665 760 3736 judicio
769 3667 892 3738 Caligula
904 3667 935 3719 de
941 3680 1026 3719 nostro
1036 3705 1043 3732 ,
1056 3685 1095 3740 ap.
1106 3667 1170 3720 Sne·

140 3745 164 3795 3.
177 3745 212 3796 In
222 3747 311 3799 aliena
322 3757 410 3800 costra
419 3747 539 3819 confregit.
552 3748 615 3800 'l'ra-
663 3757 715 3796 tou·
730 3745 782 3797 Cal.
791 3765 813 3798 c.
821 3745 862 3809 53,
874 3745 1169 3816 quituncmooer'rnepla·

108 3821 193 3872 ductio
203 3820 614 3894 elegansseudlquoplaarernili·
662 3831 756 3874 centem
770 3821 893 3888 celebrat,
913 3822 970 3876 coll.
984 3822 1068 3874 Dione
1081 3821 1167 3874 Cassio

106 3900 154 3950 sari
165 3899 309 3970 desumpta,
318 3901 388 3972 cujus
405 3902 545 3975 exemploru
555 3921 614 3976 pra·
662 3897 729 3962 th,
742 3919 779 3970 19,
791 3901 823 3952 ad
833 3919 893 3952 ann.
905 3901 937 3953 U.
952 3899 1044 3971 (2792,
1054 3900 1168 3954 videmus

105 3977 149 4028 bet
159 3976 264 4029 ll'laccus
276 3975 320 4030 lib.
330 3977 379 4044 lll,
390 3979 440 4030 Od.
448 3979 519 4042 xvi,
528 3999 563 4031 vs.
572 3999 613 4046 22,
662 3993 721 4026 cum
730 3975 897 4046 eloquentie,
908 3977 1006 4030 virtutis
1014 3989 1037 4030 et
1044 3977 1167 4032 docmina

104 4071 167 4122 sqqt
179 4075 192 4099 ι
202 4053 247 4104 Nil
263 4054 417 4126 cupientium
434 4057 523 4108 Nudus
535 4071 612 4109 castra
660 4051 734 4112 laude
745 4053 864 4105 floruisse.
875 4053 1011 4107 Tacitxll
1020 4091 1028 4119 ,
1038 4054 1061 4109 8.
1072 4053 1167 4123 Quas-

106 4141 180 4200 peto,
208 4142 232 4181 et
252 4131 380 4204 transfuga
401 4133 509 4185 divitum
527 4136 611 4187 Partes
660 4143 742 4182 turam
753 4143 810 4182 aute
821 4130 934 4184 exsilium
942 4131 1167 4204 gessisse,apparet

104 4205 219 4276 linquere
230 4207 334 4278 gestio.»
661 4228 689 4260 ex
697 4228 750 4280 cap.
768 4227 803 4276 ¹7·
814 4209 886 4266 infra.
