2966 4948
463 407 559 478 LIB.
585 415 624 501 1,
651 419 756 489 CAP.
783 425 852 493 IX.
1126 449 1191 546 337

125 523 208 614 quie
226 524 403 618 conjugem
421 529 457 596 in
475 533 556 600 aella
572 539 579 569 ¹
606 555 757 630 prostare
773 550 785 578 ³
812 552 941 636 ¹vetuit,
961 572 996 624 ct
1012 562 1113 658 vulgo
1128 572 1191 639 ad·
1268 631 1274 640 .

125 637 240 706 missis
264 640 510 733 inspectoribus
535 649 614 718 vehi
636 655 788 750 undique
808 669 1030 760 perspicuam.
1060 681 1096 748 si
1115 687 1192 776 quie
1214 705 1231 770 4

124 753 224 822 nulla
240 779 277 824 ae
289 753 419 851 amica?
435 762 515 832 feeit
532 767 721 862 insignem,
738 800 801 845 neo
814 780 933 853 alienae
945 794 1042 860 uxori
1056 789 1194 872 ‘annua

122 885 264 960 praestat
278 863 305 952 ⁵,
326 871 420 958 bunc
436 894 594 950 matronae
613 884 795 974 humilem,
813 911 848 962 et
860 900 1005 973 sordidae
1019 907 1190 1004 libidinis,

125 997 164 1050 et
179 983 581 1065 ancillariolumfivocant.
603 999 686 1069 Inde
706 1003 992 1086 decentissimum⁷
1006 1032 1193 1117 sponsalio-

125 1095 231 1167 rum⁸
247 1127 371 1196 genus,
400 1107 626 1182 adulterium:
648 1134 682 1184 et
707 1120 743 1188 in
760 1147 926 1198 consentu
941 1136 1037 1206 vidui
1057 1145 1193 1218 caeliba-

124 1227 185 1280 tus
196 1217 225 1296 ⁹,
244 1240 343 1285 nemo
361 1244 503 1290 uxorem·
517 1223 623 1311 duxit,
637 1231 703 1299 nisi
723 1237 782 1326 qui
798 1237 939 1312 abduxit
952 1251 991 1316 ¹⁰.
1008 1253 1080 1323 Jam
1097 1279 1194 1355 rapta

125 1337 338 1424 spargere¹¹,
355 1360 471 1429 sparsa
491 1345 604 1435 rapaci
621 1349 980 1452 avaritimrecolligere
1003 1371 1030 1402 ¹²
1042 1389 1191 1468 eertunt3

122 1525 251 1599 Era-pla
262 1529 379 1599 quaedam
387 1531 463 1606 hujus
474 1537 543 1589 rocio
556 1539 638 1592 attulit
687 1565 701 1591 o
715 1547 909 1608 Ancillariolum
922 1569 995 1616 tuate
1005 1581 1160 1643 vocataxor,
1170 1594 1195 1634 et

123 1604 246 1659 Gronov.
258 1607 333 1662 Oba.
343 1609 371 1672 1,
385 1610 437 1684 sp.
449 1615 481 1680 48
493 1615 532 1668 ed.
545 1616 600 1690 lipo.
613 1631 638 1672 et
686 1623 740 1696 ipsa
749 1627 912 1687 lecticariola
925 1652 960 1690 eet
971 1660 978 1695 ι
990 1646 1062 1712 ertia,
1073 1651 1192 1722 Alauda,

121 1681 320 1738 Drakenborch.
331 1687 361 1738 ad
372 1689 428 1741 Liv.
441 1691 496 1760 lll,
508 1694 549 1758 45.
684 1720 779 1774 parea.»
790 1707 858 1782 Lipa.
867 1713 966 1769 Horatii
976 1722 1017 1785 (cl
1023 1725 1105 1780 Carm.
1117 1733 1156 1796 11,
1164 1735 1193 1803 4)

163 1779 186 1812 ι.
196 1759 329 1831 Siquism.
338 1768 366 1817 in
377 1770 453 1834 sella,
460 1790 552 1846 nempe
559 1787 638 1846 geata-
687 1791 711 1831 et
722 1781 812 1836 Ovidii
821 1787 920 1852 (Arnor.
929 1796 956 1847 11
965 1833 973 1860 ,
982 1797 997 1849 8
1006 1837 1013 1864 ,
1022 1821 1038 1872 9
1047 1809 1098 1874 aq.)
1108 1827 1194 1863 erem-

121 1835 219 1891 toriaa.
225 1838 351 1906 cathedra,
360 1863 410 1914 qua
420 1860 542 1902 matronae
553 1867 637 1924 porta·
685 1856 727 1930 pla
740 1860 830 1916 docent
838 1903 846 1932 ‚
855 1871 1037 1942 turpitudinem
1044 1886 1192 1946 ancillarum

120 1911 512 1981 bantur,aueeollabantur.8ella
519 1929 636 1982 aduobus
684 1957 770 1994 amore
781 1949 1037 2025 contrabipnblieam
1044 1964 1120 2022 fuisse
1131 1975 1193 2046 opi-

120 1987 220 2060 bajulis
231 2006 327 2064 portata
337 2016 415 2065 quurn
427 2019 491 2074 saepe
503 2004 557 2058 sine
567 2007 636 2061 vela·
684 2014 798 2070 nioncm.
810 2021 862 2078 Sed
874 2039 986 2104 tempora
996 2048 1136 2099 mutantur!

121 2065 221 2120 mentis
232 2081 294 2123 esset
302 2111 310 2139 ,
319 2073 352 2125 ab
364 2077 436 2129 omni
446 2093 515 2149 parte
525 2083 634 2156 patebat,
720 2095 1032 2168 7.1adadecentirrr'mum.
1041 2117 1126 2177 Probo
1134 2147 1192 2183 enm

121 2143 160 2196 ita
173 2155 202 2198 nt
216 2145 408 2222 mulieremque
423 2153 464 2208 bic
480 2158 511 2208 de
527 2159 634 2215 consilio
684 2169 755 2226 Pina.
776 2188 801 2227 ot
820 2173 929 2238 Gruterb
949 2206 956 2239 ι
975 2193 1049 2247 codd.
1072 2219 1129 2254 msa.
1151 2210 1193 2262 vel

122 2219 248 2276 indecore
256 2224 468 2301 jacebant,quivis
479 2235 554 2289 facile
566 2239 635 2292 vide·
683 2247 927 2315 ludecentirsimum
941 2267 981 2320 vel
999 2275 1060 2327 inde
1072 2288 1191 2338 certissi-

122 2311 172 2352 ret.
185 2298 225 2352 cf.
236 2313 291 2372 post
301 2303 414 2378 Iaiprinm
426 2305 453 2360 in
464 2310 573 2366 Elector.
585 2317 603 2368 l.
614 2339 635 2370 c.
685 2345 768 2395 mum,
779 2331 1053 2404 vatjiadecmasimum
1061 2357 1190 2417 exhibent.

125 2395 159 2448 ¹9
170 2377 306 2451 Boeitigari
314 2381 410 2437 Sabina
421 2407 444 2456 p.
456 2389 504 2460 4²7
516 2410 553 2460 sq.
717 2404 741 2456 8.
753 2404 953 2474 Sponsnliomm
964 2459 972 2487 ,
985 2421 1088 2482 initium
1099 2444 1123 2486 et
1133 2455 1191 2508 gre·

158 2474 184 2509 a.
198 2455 334 2512 Proslare.
353 2459 409 2513 vox
421 2476 457 2517 est
469 2465 588 2521 solemnia
603 2470 635 2523 de
684 2479 730 2532 dna
742 2483 774 2534 ad
785 2487 978 2549 matrimonium
989 2513 1014 2552 et
1022 2509 1094 2574 qumi
1106 2530 1190 2580 spon-

121 2532 634 2614 aeortiamcretricibnaque,quaeaolebent
682 2561 753 2610 ralia
765 2561 916 2624 (contractus
927 2577 1103 2652 matrimonii)
1116 2590 1191 2643 adul-

120 2627 171 2682 pro
183 2611 360 2680 loribusatare,
368 2631 397 2670 ut
409 2631 563 2675 transeuntes
574 2625 634 2678 alli-
681 2634 781 2688 terium.
791 2640 819 2691 L.

120 2690 632 2772 cercntzundevoxprostihulnmetpro·
712 2713 1188 2818 9.Vr'dur‘eoelihatns.Mutnontrinque

118 2763 236 2817 stibuloe.
253 2765 378 2822 Ceterum
391 2772 421 2826 de
438 2777 557 2830 omnibus
574 2799 633 2833 mox
681 2806 803 2846 comemu
821 2809 847 2850 et
861 2800 955 2860 soedere
975 2813 1077 2870 aolvnnt
1092 2826 1187 2896 conju..

119 2839 222 2894 dictam
228 2846 631 2928 eatquaevenaliaexponebantur.
680 2867 750 2935 ginm
762 2870 911 2933 divertendo
923 2900 930 2935 :
940 2895 994 2940 tum
1006 2889 1078 2948 liberi
1092 2900 1188 2956 scilicet

119 2919 214 2973 Horat.
224 2922 428 2996 Epiat.xx,Lib.
442 2931 633 2988 Invertum-
679 2942 826 3016 junguntur.
1137 2981 1138 2984 ’

118 2998 347 3073 nominumque,
356 3004 430 3076 liber,
441 3025 550 3084 spectare
560 3015 631 3068 vide·
714 3041 751 3076 ro.
758 3024 815 3095 Qui
818 3031 1027 3112 abduxit‚palam
1032 3049 1187 3128 ducitqnam

119 3073 173 3139 ris,
186 3075 282 3131 seilicet
294 3095 323 3133 ut
331 3098 425 3156 prostes
439 3089 569 3146 Sosiorum
580 3115 632 3166 pu·
681 3104 798 3170 amarito
819 3128 863 3179 per
883 3115 1034 3176 adulterium
1052 3131 1117 3184 elarn
1136 3137 1187 3190 ab-

118 3151 190 3204 mite
197 3156 316 3212 mundus.
323 3181 338 3207 »
681 3176 791 3233 duxerat.
802 3185 831 3236 L.

157 3233 289 3301 3Amico,
301 3241 390 3312 ἑταίρᾳ,
405 3249 633 3308 meretricedban·

120 3311 196 3384 atqua
204 3313 283 3386 igitur
292 3316 452 3391 simplicitate
462 3346 561 3382 morum
571 3345 632 3386 tan-

121 3400 211 3462 topere
228 3391 373 3448 deiecerant
382 3399 509 3469 Romani,
523 3420 550 3458 ut
564 3411 632 3480 quod

120 3465 228 3518 Horatii
238 3480 310 3522 aetate
318 3472 404 3544 probri
414 3475 470 3531 loco
482 3495 552 3550 esset,
565 3505 632 3541 nunc

120 3542 372 3603 bonoriduceretur:
382 3553 413 3604 cl.
421 3555 508 3612 Horat.
519 3561 600 3615 Serm.
609 3586 631 3618 n.

158 3621 300 3686 Manno.
312 3627 356 3680 Sic
369 3630 443 3684 codd.
453 3637 541 3709 optimi
549 3639 610 3695 dant
624 3665 630 3696 ι

119 3697 168 3750 alii
180 3703 314 3758 aemulum.

156 3779 371 3838 5.Necalr'enoe....
379 3803 498 3857 praestat.
508 3797 542 3848 Η.
549 3818 571 3851 e.
582 3800 633 3854 niti

120 3871 318 3932 annuosnmptn
325 3866 466 3937 snperbiam
474 3871 527 3943 ejus
535 3875 634 3930 instruit

120 3943 147 3984 et
158 3951 233 3986 naum
244 3937 401 3995 redimiret.
410 3946 440 4000 de
449 3947 599 4020 Clementia,
610 3957 634 4024 l,

124 4012 172 4074 15,
190 4031 211 4063 r.

156 4088 393 4164 &Ancillariolum
407 4103 556 4166 ancillarum
567 4129 635 4164 amo·

121 4165 195 4220 ribus
212 4167 335 4229 deditum.
345 4175 469 4233 Martialia
491 4183 563 4253 ΧΠ,
580 4189 610 4241 58
627 4208 634 4241 :

247 4267 292 4334 Π.

716 3276 754 3310 ιι.
766 3259 834 3313 Jam
842 3281 1052 3350 raptarpargere,
1066 3300 1112 3342 etc.
1120 3295 1186 3346 Ava-

680 3336 764 3391 ritiam
776 3360 834 3394 cum
846 3350 991 3417 profiniona
1003 3375 1027 3414 et
1038 3363 1099 3421 luxu
1109 3371 1187 3444 janrss·

680 3427 731 3468 tam
749 3419 882 3478 Sallustius
894 3428 947 3500 §am
967 3433 1029 3492 locia
1049 3449 1186 3509 notissimis

679 3495 854 3586 descripserat,
865 3524 943 3592 poem
950 3513 994 3568 alii
1002 3521 1050 3574 reri
1060 3527 1099 3579 ani
1109 3535 1186 3604 turpi·

680 3573 795 3627 tudinem
807 3581 956 3651 explicantes
964 3601 1063 3664 sequuti
1073 3621 1138 3660 eunt.
1145 3609 1186 3664 Cf.

679 3650 795 3704 Meinerr
804 3655 953 3718 Geschicate
962 3672 1007 3723 des
1016 3677 1132 3751 Versalls
1141 3691 1188 3742 der

681 3726 766 3780 Sitten
776 3736 883 3788 andriae
891 3740 1187 3832 Staatsveqfarruagder

682 3804 802 3872 Iioemer,
816 3813 922 3886 Lipsiae,
939 3827 1009 3890 1782.

718 3886 833 3943 radam
854 3907 1187 3984 raptaspargare,sparsa

684 3968 776 4032 rapaci
790 3976 907 4030 auaritia
925 3987 1067 4054 recolligere
1081 4009 1186 4054 certam.

684 4039 727 4093 Sic
737 4042 837 4100 refinxit
846 4052 942 4125 Lipsius
950 4079 998 4132 ope
1006 4065 1061 4118 cod.
1072 4069 1133 4126 Nau.
1143 4082 1187 4149 qui

682 4115 758 4172 babet
775 4128 942 4199 ruperpietum
956 4139 1015 4192 roci
1034 4152 1110 4214 agri,
1128 4154 1189 4210 alies
1226 4217 1229 4224 ,

683 4193 735 4266 logi
751 4207 843 4268 rapaci
852 4207 892 4260 vel
906 4218 975 4282 aeri,
987 4217 1016 4270 in
1027 4230 1121 4284 ceteris
1132 4253 1191 4292 com

975 4332 1021 4379 22
