2966 4948
273 466 338 539 270
435 437 503 506 un
527 429 720 506 nourr
742 429 962 504 curunn
985 429 1169 503 nouos.

270 570 365 666 poris
381 565 531 660 adjicere
548 563 600 632 illi
616 559 793 644 volebam,
816 555 898 630 dum
921 559 986 630 hos
1004 557 1189 654 pauculos,
1206 557 1268 650 qui
1283 579 1346 624 su·

271 697 434 781 pereunt,
449 681 584 750 civitate
596 676 753 746 donaret.
773 675 1005 745 constituerat
1017 673 1110 742 enim
1121 695 1239 741 omnes
1250 671 1349 740 Grae·

272 825 353 884 oos,
382 795 519 879 Gallos,
548 795 739 889 Hispanos,
763 791 968 861 Britannos'
988 839 1000 876 ‚
1020 803 1152 884 togatos
1187 782 1343 856 'videre

271 917 342 989 sed
359 917 520 1010 quoniam
537 912 651 1008 placet
670 911 804 1002 aliquos
824 910 1027 1002 peregrinos
1044 910 1081 976 in
1099 928 1215 976 semen
1236 905 1348 974 relin-

273 1037 335 1130 qui
348 1027 376 1119 ³‚
396 1050 432 1103 ot
444 1049 483 1102 tu
497 1030 657 1124 itnjubrs
672 1026 769 1111 fieri,
790 1027 863 1095 fiat.
881 1026 1003 1120 Aperit
1018 1041 1090 1094 tum
1103 1023 1294 1119 capsulam,
1310 1037 1350 1090 et

274 1169 345 1220 tres
363 1152 455 1220 lusos
474 1147 620 1242 profert.
642 1148 738 1215 Unus
757 1155 832 1210 erat
850 1131 1071 1236 Augurini⁴‚
1090 1129 1201 1208 alter⁵
1218 1136 1345 1218 Babae,

234 1295 251 1359 4
275 1269 395 1339 tertius
410 1264 559 1336 Claudii.
576 1264 665 1343 Hos,
684 1258 818 1352 inquit,
834 1273 904 1325 tres
914 1277 984 1324 uno
996 1275 1087 1323 anno
1098 1252 1233 1346 exiguis
1243 1251 1356 1320 inter-

273 1384 373 1453 vellis
389 1399 581 1474 temporum
597 1377 726 1446 divisos
741 1371 993 1468 morijubebo‚
1012 1393 1078 1440 nec
1094 1369 1192 1438 illum
1208 1367 1350 1436 incomi-

274 1515 381 1569 tatum
395 1496 577 1566 dimittam.
596 1495 674 1562 Nou
690 1503 825 1583 oportet
836 1488 929 1556 enim
941 1509 1044 1584 epm,
1060 1484 1122 1578 qui
1136 1480 1236 1551 modo
1247 1506 1285 1551 se
1298 1497 1351 1550 tot

274 1617 381 1688 millia
394 1613 570 1683 hominum
588 1607 767 1701 sequentia
782 1603 939 1686 videbat,
956 1617 1007 1670 tot
1026 1595 1278 1695 praecedenda‚
1298 1613 1349 1666 tot

274 1730 509 1812 circumfusa,
534 1724 647 1796 subito
667 1723 776 1794 solum
805 1718 957 1790 destitui.
986 1718 1177 1788 Contentus
1196 1717 1266 1787 erit
1292 1713 1350 1785 his

211 1923 218 1936 ,
274 1848 415 1919 interim
427 1839 692 1914 convictoribus.

276 2061 345 2136 quod
353 2055 501 2114 mulieribus
506 2073 596 2129 parum
604 2051 724 2105 usitatum
730 2049 787 2103 luit.
835 2047 934 2100 tutione
945 2015 1138 2107 Antoniniana,
1151 2055 1258 2097 eonem.
1268 2041 1349 2118 Saty-

275 2139 398 2207 Als'depol
414 2135 455 2190 vel
474 2134 558 2212 potius
576 2133 693 2186 Ecastor
707 2129 787 2203 vulgo
835 2126 886 2180 rice
904 2124 990 2195 itaque
1009 2122 1092 2196 capias
1108 2140 1167 2174 eum
1184 2135 1299 2194 respeetu
1316 2123 1349 2175 ad

275 2217 401 2272 dicebant.
835 2203 981 2257 facilitatem
991 2197 1042 2254 hoc
1052 2199 1164 2253 civitatis
1174 2199 1214 2272 jue
1223 2212 1271 2252 eta
1281 2202 1350 2254 Mes-

312 2319 334 2352 a.
353 2295 379 2348 B
382 2297 507 2348 rt'tanms.
522 2286 687 2344 Fromondus
700 2297 787 2351 notat,
834 2279 916 2332 salina
927 2292 952 2332 et
966 2277 998 2331 ab
1011 2277 1065 2347 ejus
1081 2275 1178 2330 familie
1193 2276 1347 2330 redimendi.

275 2376 386 2430 auctiora
413 2371 534 2443 quedam
560 2365 712 2440 exemplaria
734 2382 786 2416 una
835 2357 1037 2424 Diocass.LX,
1051 2356 1348 2431 rpumuleosindigm

275 2475 334 2507 eum
353 2453 409 2506 rod.
422 2447 605 2517 weissenburg.
618 2443 690 2496 Beati
701 2442 785 2493 Rhea.
835 2437 957 2490 Claudius
963 2433 1061 2490 civitate
1068 2433 1348 2510 spoliarit3mnltisaliie

274 2544 332 2606 post
340 2531 485 2585 Britannos
493 2526 548 2579 lraec
559 2522 652 2578 addere
662 2536 669 2572 :
679 2517 786 2572 Sauro-
833 2515 982 2588 singulatim
993 2525 1037 2567 aut
1048 2513 1182 2568 confertim
1193 2533 1249 2566 earu
1261 2513 1347 2578 dedit,

274 2620 364 2663 maras
373 2618 399 2661 et
409 2609 433 2659 si
443 2609 491 2678 qui
500 2607 572 2657 ultro
581 2603 722 2672 glacialem
731 2595 787 2648 Bo·
834 2592 927 2664 absque
939 2592 1015 2644 etiam
1029 2590 1183 2643 discrimine.
1199 2590 1269 2658 Quia
1279 2591 1348 2644 enim

275 2709 348 2743 nam
360 2689 474 2741 incolant
485 2682 618 2743 Barbari,
631 2685 732 2746 rogatos
742 2691 786 2727 an:
834 2674 886 2725 fere
899 2670 1019 2723 omnibus
1030 2667 1059 2720 in
1069 2668 1143 2722 rebus
1154 2667 1266 2720 llomaui
1276 2687 1350 2741 pere-

273 2787 331 2839 quae
343 2779 429 2819 tamen
440 2761 551 2824 Beatus,
562 2753 727 2808 Fromondns
736 2789 743 2816 ,
753 2750 785 2804 al
835 2749 915 2823 grinis
926 2748 1035 2820 potiores
1047 2745 1220 2809 habebantur,
1229 2746 1304 2798 multi
1312 2745 1350 2798 ci-

275 2846 307 2899 ab
325 2845 412 2915 aliquo
432 2838 530 2892 erudito
554 2835 651 2906 adiecta
668 2841 786 2891 censent,
834 2825 919 2880 vitatis
937 2825 976 2894 jus
992 2824 1025 2876 ab
1047 2843 1078 2876 eo
1101 2821 1349 2894 petebaut‚mnltia

274 2923 382 2978 ridicule
401 2933 425 2974 et
441 2917 499 2971 satis
512 2915 588 2984 longe
605 2911 671 2964 ultra
689 2927 785 2962 verum.
834 2903 1008 2957 Messalinus
1019 2901 1349 2973 familieejmredirnelrant.

273 3003 347 3057 Idem
363 3013 398 3053 est
411 2996 536 3072 judicium
552 2988 708 3062 Soantagii‚
726 2987 785 3040 ideo
835 2982 924 3051 ltaque
941 2980 979 3052 jus
996 2978 1083 3043 illud,
1102 2997 1197 3054 magna
1216 2979 1348 3050 quondan

273 3079 412 3150 rejiciantia
423 3096 470 3140 ea,
486 3071 546 3143 quia
566 3067 648 3122 lundo
665 3065 785 3117 historico
834 3057 942 3133 poeonia
953 3055 1230 3120 ¹venditum‚atleotnne
1237 3057 1289 3110 vile
1297 3059 1350 3110 leo·

274 3170 368 3215 carent.
388 3157 445 3208 lmo
464 3169 524 3203 roro
543 3146 604 3220 qnia
627 3143 735 3197 ridicula
762 3151 787 3194 et
833 3149 889 3189 tunt
898 3149 934 3189 est
942 3133 1054 3207 ntvulgo
1064 3135 1184 3205 jactatum
1193 3135 1348 3208 fueritposse

276 3234 386 3290 Claudio
397 3229 498 3304 stupido
512 3239 536 3278 et
551 3222 690 3277 temulento
706 3221 787 3292 digna
834 3215 914 3270 ideal
925 3214 1064 3267 vitreorum
1072 3231 1191 3267 vasonrm
1198 3214 1351 3288 fragmentis

274 3327 343 3379 aunt,
353 3295 786 3378 nonerupapdadlepr'sapntaverimt
834 3293 925 3370 parari.
940 3313 955 3341 a

275 3389 320 3446 sed
330 3390 420 3442 absunt
429 3379 612 3457 quoquerodd.
623 3377 695 3450 paris.
704 3372 788 3427 omni·
871 3372 899 3426 3.
909 3373 947 3426 In
958 3389 1044 3425 seneen
1056 3372 1176 3438 relinqua.
1192 3370 1214 3421 Ι.
1233 3369 1255 3421 e.
1270 3370 1352 3422 instar

275 3471 330 3526 bns.
341 3465 455 3522 Proinde
465 3463 494 3518 in
502 3471 598 3516 textum
606 3455 726 3511 reducere
737 3451 789 3505 du·
835 3451 951 3516 seminis,
958 3449 990 3502 ed
999 3449 1216 3522 propagationem.
1223 3447 1351 3502 Similiter

273 3548 364 3604 bitari.
837 3531 901 3584 Cato
914 3529 990 3585 RB.
1006 3537 1061 3595 161,
1074 3527 1318 3579 aittiesmeeeire.

310 3648 333 3680 a.
344 3623 572 3680 construemus...
580 3615 677 3668 videre.
685 3611 706 3663 l.
716 3627 736 3662 e.
745 3625 788 3661 eos
869 3609 893 3674 4.
909 3608 1049 3677 Augurini.
1062 3604 1148 3676 ignoti
1160 3601 1292 3670 bominis,
1307 3603 1352 3657 aed

274 3707 330 3780 jure
340 3699 446 3756 civitatis
454 3698 550 3751 donare
556 3689 695 3746 voluitDe
702 3685 788 3740 Gallia
835 3686 911 3760 plane
921 3684 986 3737 fatui
998 3694 1043 3747 ‚ut
1052 3693 1127 3755 patet.

275 3793 375 3838 comata
390 3777 512 3831 unmersa
526 3783 629 3824 testatur
640 3765 721 3820 Tacit.
732 3768 789 3816 Att-
870 3761 1000 3816 §.Boon
1021 3757 1142 3812 Meminit
1159 3761 1250 3812 Seuer.
1270 3757 1352 3830 Epist.

275 3861 328 3916 nal.
339 3859 393 3922 Xl,
404 3856 444 3922 ad.
453 3853 539 3904 Etiam
552 3851 644 3902 Senee.
656 3844 687 3896 de
697 3842 788 3896 Renes.
837 3843 897 3906 xV‚
911 3842 942 3894 8:
954 3861 968 3888 e
983 3840 1069 3909 Quam
1083 3851 1110 3891 tn
1121 3857 1190 3890 nune
1205 3837 1284 3890 vitam
1298 3835 1352 3889 diri

275 3929 662 4008 Vl‚19.lleineee.Antiq.rom.
672 3921 788 3996 Append.
837 3923 963 3976 existimas
975 3919 1096 3974 stultam?
1109 3919 1216 3972 Bebaeet
1227 3915 1351 3968 ixionis?

276 4017 322 4074 lib.
333 4017 361 4082 l,
375 4013 436 4066 Xlll
446 4032 470 4084 p·
482 4008 531 4078 273
544 4008 596 4059 hue
607 4004 703 4056 trahere
717 4001 785 4066 vult,
835 4003 898 4055 Non
909 4001 989 4052 itaest
1000 4018 1007 4052 t
1017 4011 1102 4050 nostre
1114 3991 1352 4050 dicituro—Baba

277 4093 423 4162 nescioquo
434 4085 548 4160 intelle
559 4081 657 4136 Graecis
668 4094 753 4132 nmen
764 4080 789 4131 et
837 4080 922 4153 vulg„
931 4079 960 4132 iu
968 4097 1032 4150 quo,
1040 4095 1156 4142 ramere,
1165 4074 1265 4126 variant
1274 4071 1350 4124 codd.

276 4171 381 4246 reliquis
390 4169 457 4223 nihil
465 4165 569 4220 aliunde
577 4176 667 4216 notum
672 4173 716 4213 est.
725 4159 791 4212 Fat-
838 4153 1125 4223 Bedoeeod.eBadoeil
1133 4167 1158 4206 et
1168 4151 1208 4204 ed.
1218 4167 1284 4204 rom.
1294 4149 1352 4203 Bre-

276 4265 331 4306 tum
341 4247 482 4304 antemhoc
491 4263 543 4298 esse
550 4243 627 4314 longe
636 4251 692 4314 post
702 4237 794 4292 eonsti-
839 4239 882 4290 doe
893 4235 949 4288 eod.
958 4233 983 4288 b.
