2978 4942
437 523 536 593 LIB.
563 523 616 610 V,
646 524 755 592 CAP.
783 521 848 591 VI.
1119 529 1187 620 539

111 678 216 746 quurn
236 650 381 722 reddere
400 652 451 721 itti
468 655 562 747 paria
582 677 652 724 nou
671 659 816 748 posset¹.
842 657 994 724 Primum
1002 663 1015 738 ',
1032 658 1069 724 in
1081 651 1188 750 ipsius

110 782 275 864 potestate
301 783 396 852 erat,
427 792 496 838 non
526 770 682 864 accipere
707 757 862 840 :deiude
885 773 958 865 ipsc
980 767 1062 841 dare
1078 771 1185 840 bene·
1272 827 1273 830 η

113 887 228 954 ficium
257 886 352 985 prior
379 885 579 980 incipiebat.
609 886 779 955 Veniebat
803 889 895 956 cuim
922 903 1078 982 rogatus,
1098 899 1134 956 et
1151 872 1187 955 id

112 1003 232 1086 dabat,
261 1001 353 1095 quod
383 1003 503 1095 utique
532 1001 590 1072 ille
617 1025 688 1070 non
714 1017 789 1071 erat
814 1003 945 1072 Socrati
973 1001 1184 1072 redditurus.

114 1119 318 1188 Etiamnunc
335 1116 526 1187 Archelaus
543 1115 685 1188 daturus
707 1131 782 1186 erat
798 1142 921 1188 aurum
934 1134 969 1187 et
985 1134 1185 1213 argentum,

114 1250 314 1329 recepturus
334 1249 564 1329 contemptum
588 1235 663 1303 auri
690 1249 726 1303 et
751 1235 924 1329 argenti².
953 1237 1031 1304 Non
1056 1249 1190 1330 poterat

115 1383 200 1452 ergo
218 1358 385 1448 Archelao
405 1359 535 1427 referre
552 1360 708 1427 Socrates
726 1359 893 1452 gretiam?
910 1373 944 1427 et
961 1358 1046 1453 quid
1059 1351 1190 1428 tantum

116 1491 190 1544 erat
206 1491 408 1570 accepturus
430 1489 595 1568 quantum
615 1473 734 1557 dabat,
751 1475 779 1542 si
798 1472 998 1544 ostendisset
1017 1475 1190 1544 bominem

114 1595 194 1661 vitae
221 1617 261 1662 ac
277 1593 396 1661 mortis
413 1583 598 1686 peritum³‚
619 1593 800 1684 utriusque
819 1586 927 1660 fines⁴
950 1607 1120 1663 tenentem
1134 1593 1190 1660 isi
1217 1607 1238 1660 3

115 1699 273 1803 regcm⁵‚
301 1710 340 1778 in
362 1708 439 1778 lucc
464 1706 578 1777 media
606 1724 778 1777 errantem
787 1700 815 1795 ⁶,
834 1706 879 1778 ed
893 1697 1012 1778 rerum
1036 1689 1191 1778 naturaiu

114 1823 306 1892 admisisset
317 1829 343 1907 ⁷,
360 1847 470 1916 usque
488 1848 529 1893 eo
543 1825 617 1916 ejus
633 1824 811 1917 ignorum,
829 1838 870 1892 ut
884 1847 954 1916 quo
968 1822 1025 1891 die
1040 1825 1120 1892 solis
1132 1825 1193 1892 de-

115 1943 218 2010 fectio
234 1941 318 2023 fuit,
340 1943 468 2035 regiam
488 1937 666 2023 eluderet,
688 1954 723 2007 et
741 1939 871 2028 filium,
887 1939 980 2032 quod
994 1941 1030 2008 in
1045 1941 1138 2008 luctu
1153 1963 1193 2008 ac

117 2059 221 2128 rebus
239 2058 392 2128 adversis
411 2048 541 2126 moris⁸
569 2073 639 2140 est,
670 2053 850 2125 tonderet?
872 2058 1048 2150 Quantum
1076 2059 1196 2126 suisset

117 2167 343 2261 beneficium,
375 2177 404 2245 si
430 2177 607 2244 timentem
627 2197 647 2243 e
667 2173 806 2246 latebris
830 2175 900 2243 suis
923 2177 1137 2256 extraxisset,
1161 2191 1195 2244 et

117 2293 247 2362 bouum
263 2295 413 2366 animum
431 2291 560 2360 habere
573 2291 748 2385 jussisset,
769 2287 888 2359 dicens
906 2317 915 2357 ε
940 2317 956 2356 u
969 2295 1045 2360 Non
1065 2307 1116 2360 est
1131 2293 1195 2360 ista

120 2411 202 2480 solis
221 2409 394 2495 defectio,
412 2408 473 2478 sed
489 2408 634 2478 duorum
655 2405 806 2476 siderum
822 2408 966 2491 coitus⁹,
989 2433 1095 2500 quum
1113 2409 1194 2478 luna

159 2677 180 2708 r.
193 2655 272 2708 Nolle
279 2673 307 2709 se
316 2653 636 2724 adeum.....posset.dris·
718 2656 742 2707 5.
754 2653 788 2706 St
799 2673 899 2723 regem,
917 2663 964 2706 etc.
981 2652 1123 2726 Supplend·
1138 2645 1195 2723 que

120 2732 211 2788 toteies
220 2732 239 2786 l.
249 2731 269 2800 l,
279 2730 380 2787 hecate
390 2731 490 2786 extulit:
500 2733 568 2802 dipsa
584 2735 637 2803 γὰρ,
684 2732 822 2802 superioris
843 2731 974 2786 sententie
995 2731 1102 2786 initium.
1115 2743 1174 2786 sunt
1188 2748 1195 2784 ε

120 2813 179 2879 ἔφη,
202 2809 259 2865 εἶναι
285 2813 313 2864 sb
328 2813 361 2881 μὴ
378 2811 488 2866 discedot
508 2810 634 2882 optasset
687 2833 700 2859 s
712 2811 745 2863 Et
760 2810 823 2882 quid
839 2822 936 2864 tanturn
959 2823 1015 2866 erat
1032 2821 1195 2888 accepturus,

122 2891 209 2958 ὁμοίως
226 2889 253 2944 εἶ
268 2891 392 2956 παθόντα,
406 2895 485 2961 ὥσπερ
499 2892 536 2944 καὶ
553 2897 636 2955 κακῶς.
686 2901 808 2959 quantum
821 2889 927 2942 dabat.»

120 2967 288 3021 Exornarnnt
305 2968 350 3021 alii
364 2968 431 3022 banc
450 2969 561 3023 Socratis
578 2990 636 3024 res·
719 2967 1197 3026 6.1n1ncemedtaerransem..0m-

121 3046 294 3121 ponsionem,
311 3064 333 3099 e.
344 3067 365 3099 e.
380 3047 601 3120 Epictet.,'ro.111.
613 3071 629 3122 p
685 3045 728 3097 nia
741 3050 904 3115 μεταφορικός.
917 3045 958 3097 De
969 3046 1129 3102 scientiarum
1142 3051 1197 3103 luce

122 3145 174 3178 ara
193 3125 232 3176 cd.
249 3121 426 3197 Scbwgh.,et
443 3137 531 3178 auctor
549 3125 637 3199 prima
685 3122 768 3195 agitur
784 3141 841 3193 quse
859 3135 919 3176 tnnc
938 3123 1097 3179 illuminabat
1121 3127 1199 3183 Gree-

122 3203 301 3277 epistolerum‚
314 3222 387 3272 quae,
399 3200 505 3257 docente
519 3203 637 3258 Bentleio
685 3200 768 3262 oiam;
783 3199 856 3272 quod
864 3220 912 3254 nos
922 3204 1045 3256 lumidus
1055 3205 1178 3270 dicimus.¹

124 3282 223 3354 opusc.
236 3280 299 3353 phil.
310 3303 339 3353 p,¹
347 3283 379 3352 47
395 3301 433 3353 sq.
445 3283 485 3334 ed.
499 3283 568 3356 lips,
582 3283 637 3336 80·-
719 3280 793 3342 md
802 3299 889 3332 rerum
901 3292 1026 3335 naturum
1037 3285 1202 3344 adnotent..

123 3358 189 3411 creti
208 3357 273 3412 falso
290 3359 445 3413 tribuuntur.
462 3360 538 3415 Coni-
554 3360 639 3432 Beylii
688 3358 722 3410 fl.
736 3378 758 3411 e.
774 3370 870 3412 natnrae
887 3358 963 3426 vires,
976 3361 1058 3427 vites,
1072 3383 1164 3416 utana
1175 3377 1201 3417 et

123 3433 197 3488 Dies.
209 3433 267 3490 bist
278 3447 303 3490 et
313 3435 369 3490 orit.
379 3435 518 3490 Archelaus
530 3437 550 3488 1.
689 3447 777 3488 ctetora
788 3435 814 3487 id
826 3455 907 3508 genus
920 3437 1051 3492 docuisset.

162 3533 187 3566 a.
198 3513 360 3569 Etiamnunc
368 3516 511 3569 Archelaus
513 3552 571 3568 .......
581 3517 642 3568 aurs'
723 3511 747 3564 8.
759 3511 852 3564 Moris.
864 3511 906 3566 Sc.
918 3514 1009 3584 graec'r,
1027 3537 1081 3570 non
1092 3517 1201 3570 romani.

123 3606 153 3650 et
165 3598 275 3666 argenti.
290 3593 413 3664 Quidni?
425 3595 519 3648 Nonne
534 3607 558 3648 et
578 3596 641 3647 An-
692 3589 732 3642 Ci.
742 3589 843 3643 AElisn.
857 3588 890 3642 V.
904 3590 937 3642 Η.
949 3591 1019 3661 vn,
1036 3595 1052 3647 8
1068 3595 1130 3666 ibiq.
1148 3609 1201 3650 not.

126 3693 187 3729 nseo
199 3672 254 3747 plus
264 3693 340 3744 quam
349 3673 442 3726 mittin
452 3673 562 3726 sestertia
571 3673 641 3725 Nero
690 3667 795 3720 Sueten.
804 3667 883 3738 Calig·
894 3671 917 3721 5.
926 3669 1000 3724 Unde
1006 3672 1061 3725 haec
1070 3672 1101 3726 de
1107 3674 1202 3728 Arche·

126 3751 291 3827 praestiterat,
315 3751 359 3823 qui
379 3763 463 3804 tamen
486 3771 501 3803 a
521 3751 641 3824 magistro
690 3746 732 3799 lao
743 3746 893 3819 sumpserit,
908 3746 991 3801 dicere
1002 3769 1055 3802 non
1066 3749 1156 3803 babeo.
1168 3755 1203 3803 At

126 3833 228 3886 discere
239 3841 353 3902 potuerat
364 3849 441 3901 quem
457 3829 642 3883 contemnende
691 3844 749 3896 qun
764 3824 838 3877 Plato
851 3824 879 3876 in
891 3824 1001 3898 Gorgia,
1016 3827 1075 3880 vot.
1086 3829 1121 3880 lv
1133 3850 1157 3903 p.
1170 3830 1202 3882 53

126 3909 187 3962 auri
197 3921 223 3960 ot
233 3908 332 3979 argenti
341 3906 398 3960 vis?
691 3923 728 3974 sq.
741 3905 807 3977 Opp.
822 3902 872 3975 bip.
886 3902 917 3955 do
932 3905 1029 3978 Gorgia
1040 3917 1138 3970 narrat,
1152 3904 1203 3958 fir-

164 3987 189 4040 3.
202 3989 275 4040 Vua
292 3995 318 4038 et
332 3989 423 4038 mortis
433 3989 555 4054 peritum.
574 3987 608 4040 H.
621 4006 643 4037 e.
692 4001 762 4037 mare
773 3981 827 4034 baec
841 3994 953 4054 possunt.

126 4067 178 4139 qni
199 4077 224 4117 et
241 4065 307 4118 bene
323 4065 407 4118 vivere
425 4077 450 4118 et
466 4065 563 4118 fortiter
577 4057 644 4118 mori
725 4079 749 4128 9.
766 4059 861 4111 Coitus·
875 4058 953 4127 Quod
966 4057 1062 4112 Gallice
1080 4065 1204 4115 Astron.»

127 4158 224 4199 nosset.
693 4139 818 4192 micorum
830 4137 905 4211 periti
916 4153 1008 4192 vocent
1019 4145 1135 4210 syzygias,
1146 4161 1211 4211 qnae.

166 4226 191 4290 4.
212 4223 301 4276 Ιῆἠιε,
323 4223 454 4292 Quatenus
474 4237 497 4277 et
514 4225 643 4296 quomado
693 4239 742 4270 vox
756 4219 807 4270 duo
819 4217 1017 4292 complectitur,
1037 4219 1126 4294 ncrnpc
1143 4241 1206 4276 core-

127 4303 219 4355 rivrsc
231 4312 255 4352 ot
265 4299 330 4361 mori
342 4311 475 4371 oporteret.
666 4315 668 4324 “
688 4302 801 4368 joncaon
812 4310 835 4351 ot
847 4303 1000 4367 oppositiou.
