2990 4942
505 466 679 537 cerer
702 465 813 536 xv1.
1136 477 1205 567 '¹49

131 599 270 668 emisit:
292 599 366 692 ipse
382 613 496 668 temen
513 621 577 691 pro
589 597 710 665 rostris
727 593 879 665 laudavit
895 595 1025 678 filium,
1043 603 1204 696 stetitque

132 715 169 782 in
184 731 373 808 conspectu
389 716 500 808 positu
515 734 681 807 enrpore,
702 713 883 806 interjecto
897 716 1129 788 tantummodo
1147 743 1206 789 ve-

131 829 283 898 lamento
299 835 336 912 ¹,
363 828 457 922 quod
478 828 650 924 pnniilicis
674 829 791 896 ocules
810 853 831 896 a
853 829 975 898 funere
992 846 1145 916 arceret,
1172 851 1207 902 et

132 943 237 1012 flente
251 944 380 1037 populu
397 947 549 1013 Romano
566 963 638 1010 non
661 941 767 1010 flexit·
778 944 910 1012 vultum
928 969 935 1008 :
960 947 1206 1038 experiendum

133 1081 171 1126 ee
193 1057 293 1127 dedit
318 1059 442 1152 Sejnno
459 1059 505 1126 nd
522 1057 610 1128 letus
628 1059 754 1139 stanti,
774 1078 877 1149 quem
903 1059 1074 1152 patienter
1093 1077 1208 1156 posset

130 1197 210 1244 enne
229 1174 380 1268 perdere
394 1179 420 1242 ².
449 1173 602 1244 Videsne
613 1189 741 1265 quante
757 1175 857 1267 copia
869 1173 1022 1244 virorum
1043 1180 1207 1248 maximo·
1237 1199 1254 1250 e

130 1313 209 1358 rum
224 1291 289 1371 sit,
305 1313 391 1382 quus
405 1313 474 1360 nen
489 1280 646 1382 exnepit³
664 1287 723 1358 hie
736 1289 849 1357 omnin
860 1295 1080 1381 prosternens
1093 1317 1204 1378 cneus,
1253 1318 1257 1325 ·

129 1403 169 1472 in
191 1429 279 1496 quos
297 1421 346 1474 tot
371 1404 605 1487 eniminum,
627 1418 677 1472 tot
702 1419 900 1472 ornamenta
925 1405 1063 1496 publice
1086 1410 1207 1502 priun-

129 1523 262 1616 timque
283 1537 442 1618 congestu
466 1523 596 1592 erent?
619 1521 687 1591 Sed
709 1521 873 1592 videlicet
893 1524 921 1590 it
938 1524 974 1592 in
996 1526 1114 1595 orbern
1141 1527 1206 1596 iste

128 1653 336 1733 tempestae,
354 1656 389 1708 et
406 1641 479 1709 sine
493 1637 622 1708 dilectu
632 1653 742 1707 vastet
751 1640 877 1720 omnia,
892 1640 1033 1732 agitque
1047 1658 1086 1710 ut
1098 1637 1111 1688 ⁴
1125 1667 1200 1712 sun.

127 1758 217 1826 Iube
235 1759 390 1854 'singulos
408 1756 566 1827 conferre
582 1756 773 1824 rationem:
794 1757 881 1825 nulli
900 1760 1045 1852 contigit
1064 1761 1204 1854 impune

96 1963 102 1972 1
127 1875 238 1943 neseis
933 1949 937 1968 ἡ
1180 1873 1185 1882 ’

176 1991 271 2056 xvl.
301 1988 379 2057 Seio
401 1985 486 2080 quid
499 1987 619 2056 diens:
640 2012 662 2062 ,α
679 1975 817 2056 oblitus
832 2011 869 2056 es
884 1988 1044 2058 feminam
1063 2006 1096 2058 te
1115 2015 1203 2060 eon-

130 2131 147 2170 »
168 2105 297 2191 solaris
317 2105 468 2174 virorum
487 2102 597 2172 refers
612 2101 778 2196 exempla.
799 2129 816 2166 n
837 2102 926 2194 Quis
945 2115 1059 2174 sutem
1079 2106 1204 2176 dixerit

126 2239 286 2294 naturam
301 2220 448 2316 maligne
461 2245 539 2292 cum
554 2219 778 2290 muliebribus
789 2221 937 2312 ingeniis
948 2224 1072 2317 egisse,
1085 2241 1121 2294 et
1132 2227 1203 2295 vir-

124 2359 217 2412 tutes
233 2342 369 2411 illarum
381 2342 417 2408 in
427 2354 559 2409 eretum
572 2337 753 2408 retraxisse
767 2338 782 2404 t
798 2339 865 2404 Pn‘r
877 2339 964 2425 illis,
982 2342 1198 2432 mihicrede,

126 2461 245 2553 vigor,
264 2483 329 2553 per
346 2455 390 2526 sd
406 2458 549 2526 heneete
565 2453 696 2546 (libent
710 2447 745 2518 ⁵¹!
761 2455 776 2542 )
798 2453 938 2524 incultas
950 2462 1002 2526 est'
1018 2461 1027 2544 ς’
1048 2459 1201 2531 laborem

125 2701 210 2737 mene
224 2682 321 2735 Seneee
330 2679 386 2733 hese
398 2690 450 2732 tem
464 2676 543 2730 tristia
557 2693 639 2728 exem-
686 2691 736 2744 qne
748 2685 772 2725 et
781 2674 875 2746 pepnln
886 2677 1077 2748 magnanimum
1089 2698 1116 2730 se
1125 2692 1149 2730 et
1160 2680 1201 2733 sni

123 2757 245 2833 pleeted
258 2756 400 2810 elterendos
414 2755 515 2809 dolores
525 2751 592 2805 nihil
602 2751 639 2804 ie·
686 2761 834 2820 perpetuum
855 2766 996 2824 compotem
1013 2753 1157 2825 ieetitebntg
1177 2771 1202 2810 et

124 2838 221 2891 eientie
234 2835 345 2890 excitari.
636 2857 639 2864 »
688 2824 811 2896 Sejennrn
836 2831 1013 2884 commonebat
1033 2832 1134 2886 nnllnnr
1152 2833 1200 2889 sibi

163 2933 185 2966 ι.
201 2917 411 2968 Velamentoete.
421 2910 558 2964 Enetenim
569 2915 639 2962 se'eer
687 2907 801 2960 delorem
817 2911 886 2974 iore,
901 2912 922 2963 si
937 2913 1048 2965 amicum
1065 2915 1197 2988 perderet,

124 2993 236 3064 ideoque
242 3009 301 3045 eum
309 2989 638 3060 areerivolnernnteepeetn
686 2987 793 3061 proinde
805 3009 837 3042 ne
852 3007 964 3061 unquam
977 3011 1016 3045 res
1027 3013 1106 3048 noves
1116 2995 1200 3048 moli-

124 3073 237 3124 fnneste.
246 3070 322 3122 Recte
331 3069 367 3121 sie
376 3067 482 3140 explicet
494 3066 592 3141 Lipsius
605 3065 638 3117 ed
686 3069 755 3118 retdr
764 3077 850 3120 eontrn
859 3069 1000 3143 principem
1012 3071 1051 3124 eui
1065 3074 1136 3124 nulla
1149 3071 1199 3123 rite

123 3150 152 3204 le.
160 3149 179 3201 l.
190 3161 216 3202 et
226 3147 352 3201 ed.'l'eeit.
362 3144 458 3199 Annel.
467 3145 514 3208 Π,
530 3165 568 3209 tn,
580 3144 637 3197 init.
687 3145 794 3197 eliorum
806 3145 833 3197 in
850 3149 929 3220 pretio
940 3157 999 3201 eret.

125 3229 210 3302 lntpp.
223 3227 254 3279 ed
272 3225 352 3277 Dion.
367 3223 435 3277 Cass.
449 3223 515 3289 le,
533 3225 576 3288 28,
592 3222 637 3293 qni
720 3224 743 3276 3.
755 3223 877 3295 Excepit.
888 3228 947 3280 Non
958 3230 1100 3301 preterivit.
1116 3251 1119 3260 ¹

123 3323 227 3358 amem
240 3302 377 3356 velamenti
386 3301 510 3374 interjecti
521 3302 639 3375 ignorare
721 3301 744 3364 4.
759 3301 798 3353 Et
816 3307 871 3357 stne
890 3306 985 3359 dilecte
998 3313 1122 3359 vastae...
1139 3325 1198 3358 sun.

125 3403 154 3437 se
165 3379 307 3436 eonfitetnr.
318 3381 348 3433 ln
355 3379 427 3432 omni
436 3392 520 3434 entem
529 3379 640 3450 antiqni—
688 3378 841 3452 Metephera
854 3395 990 3437 stertente
1004 3384 1093 3446 ductes
1109 3385 1150 3436 eni
1166 3385 1201 3436 si-

125 3473 177 3514 tete
190 3460 233 3513 hic
246 3479 301 3512 rnos
312 3459 438 3523 obtinuit,
453 3471 481 3511 nt
495 3478 564 3512 nere
581 3479 639 3511 enm
688 3456 758 3508 milis
774 3462 930 3532 temperatio
955 3461 1009 3514 haee
1034 3481 1063 3516 ex
1076 3461 1202 3522 Horatio,

125 3539 216 3594 ledda
227 3551 251 3589 et
260 3549 329 3590 eestn
340 3549 414 3609 etque
427 3537 536 3609 puritate
547 3536 638 3590 incien-
689 3532 733 3584 lib.
749 3531 799 3590 lll.
807 3551 881 3604 xxix,
891 3538 923 3595 ll,
933 3537 973 3600 33,
988 3557 1044 3610 sqq.
1056 3551 1200 3593 ru...eeetere

124 3617 179 3681 do,
190 3615 278 3668 erneis
289 3614 450 3667 excluderent
460 3632 517 3685 qne
527 3614 569 3666 vel
579 3613 637 3666 dees
689 3607 804 3663 fluminis
814 3613 875 3666 Ritu
885 3615 1020 3678 feruntur,¹
1028 3634 1098 3669 nnnc
1115 3615 1201 3668 rnedin

126 3691 272 3748 ebulienere
283 3729 291 3756 ,
303 3711 404 3746 eversos
412 3693 535 3756 reddere,
546 3691 587 3744 vel
597 3691 642 3745 ln·
685 3691 763 3743 eleee
789 3693 854 3746 Cum
874 3715 936 3770 pete
956 3697 1096 3750 delabentis
1114 3698 1202 3750 Etrus—

125 3772 208 3826 titiem
227 3771 300 3824 illene
319 3771 434 3823 minnere
454 3781 562 3841 possent.
576 3769 640 3822 inde
690 3787 749 3822 enm
770 3771 802 3823 ln
823 3789 919 3838 mere,
947 3775 1130 3848 nunulepides
1145 3774 1203 3826 ede·

120 3849 205 3905 illud:
216 3853 298 3903 latete
308 3849 403 3920 linguis
413 3849 640 3914 (florenotmlt,
690 3866 731 3898 ens
745 3847 890 3922 stirpesque
907 3867 989 3926 reptas
1001 3865 1024 3905 et
1035 3872 1111 3928 pecus
1124 3865 1148 3904 et
1160 3851 1203 3904 db-

129 3951 154 3995 rs
165 3929 221 3984 init.
234 3929 397 3998 lstispvpxiee,
410 3929 494 3982 verlsie
502 3929 567 3982 mels
576 3927 643 3980 emi·
693 3927 960 3985 mosanrentisune.
975 3953 988 3980 n

125 4007 333 4063 netisebetinete.
412 4027 416 4038 ·
730 4005 801 4060 XVI,
824 4010 896 4064 Arte.
920 4010 1041 4084 Exempla
1068 4008 1205 4062 muliern'm

161 4107 184 4140 e.
197 4085 267 4141 Sum
277 4087 403 4154 perdet,
418 4083 526 4155 ideoque
535 4081 642 4156 tistit-
696 4089 763 4142 mele
772 4101 816 4140 stre
830 4101 974 4142 constanter
987 4097 1123 4162 passerum.

126 4181 201 4220 nnm-
215 4165 316 4219 Aetntis
330 4163 396 4218 min
413 4165 441 4216 in
459 4164 643 4234 timeretque
729 4169 751 4220 5.
768 4165 877 4219 Librati
898 4167 979 4220 Modo
995 4167 1055 4242 ipsis
1069 4166 1145 4219 libent
1161 4165 1207 4219 ho·

121 4241 643 4318 dqlndnbeinnlsttinqebetnrznere-
695 4256 765 4298 nesta
777 4245 884 4316 exsequi.
