2990 4942
501 487 676 557 csnuu
700 489 767 556 w.
1109 512 1171 590 ιη·

100 627 174 684 eam
191 640 264 684 rem
279 619 449 712 proluisse
463 617 528 687 sibi
545 621 759 690 confessacst
774 647 782 686 τ
799 608 992 717 plusquam
1011 625 1172 719 populum

100 735 318 816 Romanum,
346 759 447 826 quem
472 734 608 805 nolebat
632 739 764 804 tristem
783 737 921 806 tristitia
947 761 1007 806 sus
1032 739 1170 808 facere:

100 846 179 940 plus
198 873 301 940 quam
320 851 531 942 Augustum,
553 854 613 945 qui
628 851 794 921 subducto
809 852 918 920 altero
940 850 1174 926 'adminiculo

103 961 287 1046 titubabat,
305 986 369 1031 nec
381 963 474 1033 luctu
486 988 624 1046 suorum
640 962 856 1034 inclinandus
872 981 966 1033 erat:
983 967 1174 1059 plusquam

101 1063 286 1144 Tiberium
304 1077 425 1162 filium,
437 1079 535 1172 cujus
550 1081 659 1172 pietas
671 1077 861 1162 efficiebat,
876 1093 914 1146 ut
928 1079 964 1146 in
978 1079 1036 1148 illo
1051 1082 1175 1152 acerbo

102 1207 137 1259 et
164 1191 292 1261 defleto
315 1194 474 1286 gentibus
502 1196 645 1279 ffinere,
666 1195 755 1264 nihil
780 1183 845 1264 sibi
873 1196 971 1263 nisi²
994 1220 1175 1267 numerum

102 1305 224 1378 deesse
235 1312 389 1380 sentiret.
408 1314 485 1393 Hic,
500 1330 539 1380 ut
551 1313 685 1408 opinor,
698 1303 831 1380 aditus³
847 1309 897 1377 illi
913 1309 990 1394 fuit,
1004 1312 1069 1380 hoo
1077 1315 1176 1406 prin-

101 1424 233 1516 cipium
248 1424 340 1518 apud
354 1425 511 1495 feminam
528 1427 697 1521 opinionis
711 1448 781 1494 suae
797 1422 969 1492 custodem
984 1424 1176 1520 diligentis-

102 1537 248 1604 simum:
274 1541 417 1632 «Usque
435 1541 471 1608 in
496 1542 589 1609 hunc
613 1537 703 1608 diem
718 1533 746 1620 ⁴,
776 1537 872 1606 Livia
887 1538 902 1628 (
913 1553 1077 1630 quantum
1095 1542 1175 1632 qui-
1201 1552 1217 1604 3

106 1682 126 1718 ιι
148 1653 228 1724 dem
245 1677 309 1750 ego
326 1657 428 1725 sciam
439 1655 621 1750 ,assiduus
637 1655 702 1755 viri
722 1654 772 1722 tui
785 1672 919 1735 comes,
940 1655 995 1721 cui
1014 1679 1083 1723 non
1098 1672 1174 1724 tan·
1280 1727 1282 1732 ,

107 1795 126 1832 s
148 1786 222 1838 tum
236 1793 311 1862 quae
323 1771 359 1837 in
372 1768 546 1863 publicum
560 1770 773 1851 emittuntur,
790 1783 870 1836 nota
881 1783 973 1849 sunt,
990 1769 1051 1836 sed
1063 1793 1179 1839 omnes

109 1914 126 1949 s
147 1909 287 1978 quoque
312 1887 511 1956 secretiores
537 1888 725 1954 animorum
738 1901 933 1972 ,vestrorum
953 1883 1091 1980 motus)
1116 1885 1178 1956 de·
1225 1915 1232 1940 ¹

108 2027 126 2064 s
149 1999 232 2070 disti
247 2026 383 2096 operam
396 2027 440 2071 ne
454 2002 538 2096 quid
552 2018 652 2082 esset,
670 2001 762 2094 quod
774 2003 809 2068 in
824 2016 856 2068 te
867 2002 1046 2092 quisquam
1061 2027 1180 2096 repre-

110 2143 128 2180 s
149 2116 333 2187 henderet.
354 2122 425 2186 Nec
441 2119 478 2186 id
501 2121 538 2186 in
562 2117 746 2211 majoribus
762 2115 862 2186 modo
884 2117 1092 2200 observasti,
1119 2117 1180 2186 scd

103 2297 158 2368 phu
168 2319 195 2351 u.
206 2317 229 2351 s.
239 2319 268 2368 p.
283 2300 325 2354 Sic
339 2313 376 2352 est
386 2320 426 2374 sp.
444 2301 540 2354 Erum.
557 2299 619 2352 Pin-
668 2297 720 2350 Dio
735 2299 802 2353 Cass.
814 2299 864 2367 Ll,
884 2298 923 2366 ιθ,
936 2299 980 2354 ubi
992 2302 1024 2354 ei.
1033 2301 1114 2374 intpp.
1126 2301 1178 2354 Fa-

8 2417 10 2422 .
107 2375 197 2428 cianus
204 2375 329 2431 dederntt
341 2397 369 2431 se
379 2381 485 2432 consilio
492 2379 620 2448 Areiplss'·
668 2376 728 2430 brie.
738 2376 806 2429 Bibl.
818 2377 863 2430 Gr.
874 2377 933 2430 vol.
943 2379 991 2440 111,
1002 2400 1025 2452 p.
1036 2381 1094 2445 540,
1103 2379 1174 2432 Harl

108 2455 214 2524 loeuplsr'
223 2473 251 2507 u.
268 2473 325 2523 ap.
339 2493 347 2520 ,
361 2455 551 2521 emembranis;
563 2475 620 2527 que
705 2457 818 2508 adituro
827 2457 993 2509 adminiculo.
1002 2457 1087 2509 Druso
1101 2460 1179 2511 fratre

109 2531 259 2586 habebant:
277 2552 291 2586 e
308 2536 458 2586 maenium
475 2533 623 2604 philumplri
670 2531 785 2598 Tiberii,
798 2533 844 2604 qui
856 2532 924 2586 solus
936 2547 1072 2606 supererat.

108 2613 165 2664 uiri
174 2614 254 2680 m'p.
269 2610 351 2664 Unde
362 2609 480 2665 Sebottus
492 2611 566 2666 Obss.
576 2612 621 2677 V,
705 2632 729 2663 s.
741 2611 805 2664 Ns'ss'
812 2629 962 2672 nunemm,
979 2631 1045 2664 unus
1053 2623 1181 2683 tantopere

115 2690 156 2754 sl,
166 2711 192 2764 p.
204 2708 264 2753 aas,
273 2689 334 2742 iecit
344 2708 352 2744 z
363 2689 622 2758 seconsils’oAres'pls.
672 2687 809 2748 solabatur,
817 2687 1181 2743 utduommvicemeccons.

111 2771 169 2834 (ae.
179 2768 277 2836 saniei)
290 2789 316 2822 o.
332 2789 353 2821 a.
369 2793 398 2839 p.
412 2770 526 2824 Protulit
538 2783 621 2824 tamen
670 2767 704 2820 ad
713 2767 788 2820 Helv.
801 2787 822 2819 e.
841 2766 888 2834 16,
904 2765 949 2819 fin.
965 2767 1030 2820 nibil
1043 2767 1090 2822 tibi
1103 2769 1182 2822 deerit

111 2846 285 2916 conjecturam
300 2861 371 2900 snum
384 2848 487 2900 alteram
502 2867 548 2901 :se
562 2869 620 2902 uou-
671 2853 766 2913 praeter
775 2863 919 2897 numerum.

110 2925 253 2978 adundant
262 2925 334 2979 Areu
343 2926 388 2996 pb.
398 2947 422 2978 υ.
432 2948 453 2980 a.
464 2949 491 2996 p.
503 2927 533 2982 Si
546 2927 620 2980 Eras-
702 2922 726 2973 3.
733 2924 841 2987 Auum,
854 2921 901 2976 ie.
919 2922 1052 2975 exordium
1061 2924 1184 2976 consola-

113 3021 186 3055 munn
198 3002 358 3076 inspexisset,
377 3023 464 3058 verntu
481 3004 620 3060 invenisset
668 3001 760 3064 tionis,
780 3004 823 3054 s'lls'
835 3003 920 3064 Areo,
938 3002 1008 3072 quod
1021 3001 1125 3072 quidem
1138 3003 1184 3054 in-

110 3079 619 3153 sineeonjectando.-Anophilosoplo
668 3081 803 3150 geniorum
815 3101 869 3134 esse
879 3083 1055 3136 conliteamur.

110 3161 167 3212 vr'n'
172 3161 221 3212 esi.
229 3157 288 3210 Jam
302 3158 363 3212 inde
375 3179 388 3213 s
400 3159 548 3234 Scipionum
557 3175 620 3215 tem·
702 3159 725 3224 4.
741 3158 831 3228 Usque
841 3161 869 3211 in
879 3159 945 3213 lurae
959 3161 1029 3213 dsunt
1042 3171 1088 3212 etc.
1105 3161 1185 3212 ET·-

110 3257 174 3310 pore
189 3235 329 3291 nobiliores
343 3237 517 3312 principesque
532 3240 622 3312 adjun-
671 3237 736 3298 cito,
756 3237 880 3292 Suetonio
893 3251 956 3302 ,eto
979 3237 1144 3292 confirmatur
1156 3241 1183 3295 in

111 3313 235 3368 aissesibi
242 3313 404 3388 philosophos
410 3328 557 3388 poetasque,
568 3317 622 3392 ple·
671 3311 788 3385 plurimis
800 3313 854 3368 ber
868 3313 1031 3368 allocutionis
1046 3337 1102 3390 pars
1119 3317 1180 3370 Arei

110 3411 220 3464 mque
233 3411 328 3466 graus
336 3393 621 3465 natione,inquumm
671 3390 703 3443 ad
729 3391 846 3457 Livium,
867 3411 945 3462 quarn
973 3403 997 3444 st
1019 3389 1185 3460 prudentissi·

112 3469 299 3524 consuetudine
317 3484 341 3525 et
358 3472 470 3526 amicitis
492 3473 619 3542 viverent,
670 3488 737 3521 mam
748 3481 773 3524 et
782 3469 971 3523 callidissimam
981 3470 1115 3525 mulierem
1124 3491 1185 3524 uxu-

114 3561 152 3602 est
173 3567 214 3601 res
226 3547 366 3602 notissima.
384 3551 469 3619 Quum
484 3571 582 3606 morem
597 3565 622 3606 et
669 3546 857 3616 remquuiuisse
869 3546 970 3600 scimus.
979 3549 1048 3601 Suet.
1062 3549 1182 3604 Oetam.

113 3631 233 3700 Augusto
238 3626 396 3681 observatum
402 3649 454 3682 esse
461 3643 486 3683 et
491 3627 594 3684 aliunde
599 3645 623 3684 et
669 3621 717 3674 ⁶²³
730 3625 876 3696 (Ᾰψῑΰθ
887 3621 899 3692 )
912 3623 1044 3678 ῙᾸῪῙΜΜ
1063 3625 1183 3692 ⁸bd¹¹¹lls

113 3704 624 3782 hoclocoacimmflicſtremfflhilowph,
674 3700 811 3772 dilexitque
819 3713 844 3754 et
855 3699 970 3774 probavit
982 3703 1056 3756 unice
1069 3725 1185 3778 aeperse·

114 3779 495 3850 Stoicus,Alexandrinusfuit‚
507 3786 624 3860 Augusto
674 3777 1186 3851 veranter:eoll.Tacit.Ann.V,1.Quam·

115 3872 141 3912 et
153 3859 292 3914 Maenali
309 3861 458 3916 familiaris:
482 3863 525 3917 ille
544 3877 624 3918 unio.
673 3875 751 3925 qnam
775 3873 823 3908 nec
840 3854 924 3908 desint
940 3858 1111 3910 accusationes
1130 3879 1186 3932 per·

114 3957 175 4013 μη
195 3960 255 3993 eum
275 3941 418 4008 mimmii,
433 3957 463 3996 ut
484 3959 625 4019 „Pugnan
675 3931 936 4003 quaminvldiossein
961 3953 1037 4002 um,
1055 3935 1184 4005 exquibus

114 4017 625 4088 Almdria(2.U,(L724‚)in0nfim
674 4024 740 4066 certe
765 4011 900 4077 videmus,
932 4013 984 4084 ejus
1011 4012 1184 4068 innocentiam

113 4093 624 4168 grausdatmndrinoshsliudiems,
674 4107 776 4142 morum
791 4091 865 4144 nme
879 4090 937 4142 usis
958 4091 1085 4166 ambigue
1100 4093 1184 4148 fuiss·

113 4193 139 4226 se
151 4173 297 4244 iispnrcere
316 4172 392 4227 etism
409 4188 509 4251 propter
528 4179 623 4231 Anum
675 4168 718 4221 Sic
736 4182 788 4223 erat
804 4184 919 4238 suspecta
938 4171 969 4223 de
989 4175 1105 4227 morteL
1117 4175 1183 4230 icc.

113 4247 213 4314 daem,
235 4251 392 4321 eundemque
410 4251 520 4306 &mltum
532 4274 621 4324 guum,
674 4244 814 4313 Getarum,
823 4247 917 4314 (Tacit.
926 4253 993 4302 Ann.
1001 4251 1022 4318 l,
1036 4251 1071 4318 3.)
1079 4252 1185 4304 (lemor-
