2884 4958
317 469 381 560 370
648 459 1050 552 nnnnnnmous

273 598 288 630 ²
317 608 432 654 sonam
444 595 580 676 ¹,quam
593 581 900 654 faciemllucnnda
912 600 1004 668 sunt,
1015 584 1248 677 qnaebumana
1256 585 1383 670 fronte,

315 717 408 772 certe
421 700 491 770 leni
505 751 515 784 ,
532 697 733 792 placidaque
747 699 964 784 tribuuntur,
982 724 1058 793 qum
1072 725 1176 792 quum
1190 699 1291 768 daret
1304 702 1384 768 mibi

317 819 494 911 superior,
511 841 581 885 non
594 817 773 886 exsultavit
786 841 888 911 supra
903 841 976 900 me,
995 816 1056 884 sed
1072 841 1173 909 quam
1187 819 1313 910 potnit,
1329 819 1384 886 be-

312 935 535 1028 nignissimus
554 932 641 1015 luit,
662 931 905 1023 descenditque
929 934 966 1000 in
985 955 1120 1025 aequum
1133 937 1167 1015 ²,
1188 948 1224 999 et
1242 931 1385 1000 detraxit

317 1049 451 1118 muneri
469 1071 529 1116 suo
546 1039 722 1139 pompam³
739 1074 749 1128 ς
767 1047 817 1113 sic
834 1041 1047 1114 observavitt
1064 1043 1226 1113 idoneum
1240 1063 1382 1138 tempus,

317 1179 355 1232 ut
373 1164 409 1231 in
427 1164 601 1232 occasione
620 1163 750 1254 potius,
770 1185 872 1253 quam
889 1163 926 1228 in
942 1163 1141 1230 necessitate
1155 1177 1382 1230 succurreret.

315 1279 391 1358 Uno
406 1279 504 1346 modo
517 1272 911 1372 istispersuadebimus⁵‚
925 1301 969 1348 ne
984 1278 1151 1346 beneficia
1165 1301 1227 1345 sna
1245 1277 1387 1344 insolen-

317 1397 365 1467 tia
375 1395 541 1488 perdant,
557 1396 585 1462 si
598 1395 845 1464 ostenderimus
858 1418 928 1462 non
942 1392 1020 1462 ideo
1034 1395 1145 1463 videri
1158 1393 1308 1485 majora,
1324 1416 1387 1483 quo

218 1571 225 1576 .
316 1511 554 1580 tumultuosius
571 1509 648 1579 data
666 1526 744 1578 sunt
766 1537 775 1593 3
796 1533 840 1578 ne
854 1511 945 1602 ipsos
957 1510 1095 1602 quidem
1117 1509 1160 1577 ob
1176 1509 1213 1576 id
1228 1510 1385 1599 cuiquam

315 1651 415 1720 posse
433 1626 578 1718 majores
598 1626 730 1712 videri,
754 1597 876 1696 ianam
897 1649 970 1695 esse
990 1625 1160 1718 superbire
1180 1622 1389 1717 magnitudi-

316 1766 415 1825 nem,
438 1757 472 1809 et
488 1765 564 1834 quae
581 1742 617 1809 in
636 1740 750 1834 odium
767 1742 869 1810 etiam
889 1739 1033 1809 amanda
1052 1739 1231 1834 perducat.

364 1857 460 1926 XIV.
477 1857 564 1928 Sunt
577 1854 732 1948 quaedam
746 1857 904 1926 nocitura
918 1857 1180 1952 impetrantibus
1199 1881 1208 1920 ε
1228 1878 1308 1946 qum
1324 1877 1390 1919 non

318 1971 419 2054 dare,
443 1971 503 2039 sed
516 1995 663 2066 negare,
679 1971 882 2040 beneficium
907 1988 968 2040 est.
994 1973 1247 2044 AEstimabimus
1275 1973 1389 2064 itaque

317 2089 496 2157 utilitatem
526 2090 666 2182 potius,
698 2113 800 2180 quam
829 2079 1037 2158 voluntatem
1063 2091 1266 2184 petentium.
1297 2092 1390 2182 Saepe

318 2205 408 2271 enim
428 2205 526 2271 noxia
543 2195 860 2296 concupiscimus⁶‚
882 2229 947 2272 nec
964 2205 1134 2298 dispicere
1151 2230 1254 2298 quam
1273 2206 1391 2299 perni-

319 2320 413 2386 ciosa
432 2318 500 2386 sint
514 2317 618 2400 licet,
635 2319 715 2408 quia
727 2316 895 2410 judicium
915 2317 1128 2411 interpellatt
1145 2319 1313 2401 allectus3
1335 2317 1393 2386 sed

355 2531 376 2563 ι.
388 2509 542 2564 Personam.
559 2512 655 2582 Nempe
672 2508 831 2561 histrioniam
880 2529 947 2562 mus.
964 2511 1022 2562 lam
1041 2509 1154 2562 Socrates
1172 2510 1199 2562 in
1216 2509 1333 2563 Platonis
1345 2513 1394 2564 Al-

322 2602 346 2642 et
360 2589 478 2643 alienam.
491 2589 557 2661 Lips.
881 2588 979 2641 cibiade
996 2589 1132 2662 posteriore
1147 2589 1248 2662 egregie
1260 2592 1395 2662 exposuit.

355 2686 378 2718 a.
388 2669 425 2721 In
436 2685 538 2736 aquum
545 2707 553 2731 ,
566 2683 651 2738 parem
661 2684 688 2716 se
699 2659 764 2715 mibi
774 2683 832 2736 ges·
880 2665 996 2718 homines
1029 2665 1161 2738 plerosque
1195 2668 1258 2737 qnid
1299 2669 1394 2720 malum

320 2746 361 2800 ςὶι,
880 2742 1015 2794 noxiamve
1035 2743 1067 2794 sit
1090 2743 1226 2813 ignorare,
1250 2758 1363 2798 attamen
1383 2766 1395 2797 a

355 2824 381 2877 3.
391 2822 539 2891 Pompam.
559 2823 768 2886 ostentationem,
784 2837 834 2892 ap·
865 2858 876 2878 ,
883 2819 1040 2891 diispreceri.
1051 2817 1137 2886 Quare
1148 2819 1207 2874 deos
1215 2821 1328 2876 idmodo
1338 2845 1395 2896 pre-

323 2916 436 2976 paratum
448 2943 456 2970 ,
469 2923 520 2972 quo
533 2901 657 2956 beneficia
669 2901 833 2974 superborum
882 2894 975 2948 andos
985 2914 1037 2948 esse
1049 2910 1136 2948 monet
1146 2935 1153 2961 ,
1164 2897 1233 2968 quod
1247 2899 1346 2950 &num
1359 2901 1401 2951 sit.

323 2982 453 3053 jactantur.
883 2973 1397 3045 aMagnaquesuittuvsuatisx,vs,111,

358 3061 382 3125 4,
393 3057 629 3111 Sicobgmwftjrt
637 3061 674 3108 sic
683 3078 696 3108 ς
704 3055 759 3109 cod,
771 3057 833 3108 Νη,
884 3051 1053 3104 «numinibus
1060 3066 1118 3104 vota
1126 3054 1242 3106 exaudita
1251 3055 1398 3128 malignis.-

326 3135 477 3210 el.ap.Grut.
487 3134 577 3205 adjeci,
588 3135 722 3186 immutans
732 3132 834 3204 siquod
883 3129 971 3198 ltaque
979 3129 1141 3182 etluvenalis
1152 3131 1203 3183 Sat.
1215 3131 1283 3184 land.
1295 3145 1399 3186 monet:

328 3213 427 3280 dant,in
435 3211 628 3266 sieSedmaluit
636 3211 836 3284 Grutepaltert.
885 3229 899 3253 α
911 3206 1040 3259 Permittes
1055 3207 1115 3279 ipsis
1126 3208 1265 3281 expendere
1276 3212 1399 3264 numini-

361 3299 384 3348 5.
407 3295 473 3346 Istis
488 3291 720 3360 persuadebimus,
747 3301 771 3340 et
787 3307 838 3357 quo
887 3285 943 3347 bos,
957 3283 1020 3354 quid
1034 3285 1175 3337 Conveniat
1186 3287 1286 3339 nobis.»
1301 3287 1364 3339 Mor
1378 3303 1400 3340 et

329 3373 511 3426 tumultuosius
526 3369 625 3422 ecodd.
642 3368 751 3420 Placet
767 3367 839 3419 Grut.
891 3385 904 3410 n
917 3361 1004 3413 Carior
1019 3375 1054 3414 est
1066 3361 1115 3415 illis
1132 3363 1211 3416 bomo
1226 3365 1398 3435 quaesibi·

330 3451 477 3522 dedi,quum
489 3451 594 3519 istisap.
603 3447 699 3514 Erasm.
711 3444 806 3497 deesset
813 3457 838 3496 et
886 3445 956 3497 liene
968 3442 1053 3496 laudat
1063 3445 1104 3496 bic
1114 3445 1212 3516 Lipsius
1222 3447 1306 3498 Taciti
1320 3447 1365 3500 illa
1373 3469 1400 3501 er

331 3531 393 3598 quia
403 3538 465 3578 nam.
478 3524 571 3595 ubique
583 3523 610 3576 in
625 3521 682 3574 edd.
695 3520 838 3573 haberetur.
887 3522 980 3576 Annal.
993 3523 1051 3586 XV,
1062 3543 1104 3576 st:
1114 3525 1207 3576 «Plura
1220 3545 1285 3598 saepe
1297 3547 1401 3598 precan-

364 3607 434 3660 XlV.
448 3603 520 3656 Anu.
532 3603 593 3652 Non
603 3619 702 3671 semper
712 3600 766 3652 brec
776 3599 839 3651 ami·
889 3613 946 3665 tur,
963 3600 1024 3652 dum
1044 3601 1218 3668 demeremur,
1240 3623 1317 3674 quam
1341 3605 1399 3658 dum

331 3680 522 3751 eisdanda,quae
532 3690 720 3751 autrogant,aut
730 3678 840 3750 cupiunt·
889 3681 1051 3733 offendimus.
1061 3703 1075 3726 ν

333 3759 457 3828 Quaedam
474 3755 542 3809 enim
555 3755 670 3807 nocitura
685 3754 843 3826 impetranti·
924 3779 946 3830 7.
961 3759 1121 3827 Interpellat.
1135 3759 1178 3812 Sic
1199 3759 1314 3834 plerique
1328 3763 1400 3814 codd.

333 3840 387 3892 bns.
404 3837 457 3888 Nec
469 3832 606 3886 dicendum
618 3849 624 3884 :
637 3831 680 3882 ille
693 3851 734 3882 me
748 3845 821 3906 rogat
833 3871 841 3898 ,
889 3857 946 3890 mss.
957 3850 1045 3912 praeter
1056 3837 1113 3890 cod.
1127 3837 1204 3897 Nae..
1218 3838 1264 3908 qui
1275 3839 1351 3892 habet
1362 3843 1399 3892 in-

334 3911 592 3976 concertaminibus
600 3907 659 3962 hinc
667 3909 842 3960 fluttandem·
889 3917 1009 3982 terpolat,
1019 3915 1086 3985 quod
1096 3913 1205 3966 l'srutero
1216 3914 1290 3967 valde
1300 3917 1400 3990 placuit

334 4013 406 4055 num,
417 4011 464 4064 ego
473 4009 526 4042 non
539 3989 668 4060 curulpse
676 3987 777 4038 viderit.
786 3987 842 4039 lloc
889 3991 1031 4064 Perpcram.
1042 3993 1080 4044 Ci.
1092 3993 1132 4045 ad.
1149 3992 1226 4065 Epist.
1241 3993 1291 4058 47,
1306 4013 1329 4046 a.
1349 3997 1400 4046 b'a-

333 4071 411 4142 igitur
418 4082 515 4122 tantum
523 4065 773 4138 largiendum,quod
784 4085 842 4118 vere
891 4067 937 4119 cile
945 4068 999 4120 baec
1008 4071 1123 4122 conlusio
1133 4070 1188 4122 lieri
1200 4082 1312 4144 poterat,
1324 4092 1401 4142 quum

334 4147 428 4221 petenti
434 4147 495 4200 utile
505 4147 618 4199 interum
628 4155 673 4196 est.
891 4163 943 4196 non
955 4147 1087 4218 geminatae
1098 4147 1173 4202 scribi
1187 4147 1301 4202 solerent
1314 4169 1402 4203 maso·

368 4226 391 4278 6.
404 4225 479 4294 Sceps
498 4227 567 4278 enim
583 4226 667 4276 euxia
682 4223 841 4290 concupisci·
889 4235 984 4276 nantes.
