2990 4942
319 431 378 490 118
485 425 553 492 ΔΙ)
578 429 826 498 MARCtAM
850 427 1208 498 CONSOLATlO.
1279 451 1285 469 ¹
1367 520 1369 529 Ι

313 555 438 636 moria,
465 555 627 646 quamdiu
654 555 817 626 fueritin
842 559 974 650 pretio,
1006 562 1154 627 Romana
1183 555 1372 648 cognosci3

313 675 474 766 quamdin
491 679 670 770 quiequam
687 681 775 764 erit,
795 682 855 771 qui
869 682 995 749 reverti
1014 681 1096 748 velit
1115 678 1159 746 ud
1175 694 1249 746 acta
1265 676 1372 769 majo-

313 816 411 877 rum3
429 792 591 886 quamdiu
607 797 784 887 quitquam
795 845 807 882 ,
834 799 895 889 qui
913 798 997 866 velit
1020 799 1129 878 scire,
1154 794 1238 888 quid
1259 797 1302 862 tit
1318 794 1375 859 vir

313 909 484 976 Romanor
493 960 505 995 ,
527 909 611 1002 quid
628 911 777 980 tubnctit
791 912 862 1006 jam
880 913 1072 982 cervicibus
1085 913 1252 990 omnium,
1278 923 1312 976 et
1330 905 1374 974 ud

314 1023 529 1116 Sejanianum
538 1027 659 1120 jugum
673 1029 820 1110 adactis,
838 1030 1020 1098 indomitur
1034 1031 1077 1096 eit
1091 1031 1202 1112 homo,
1219 1027 1371 1120 ingenio,

273 1155 288 1217 t
314 1142 447 1218 animo,
468 1167 567 1211 manu
586 1145 675 1212 liber
691 1157 713 1212 ¹.
735 1150 896 1240 lingnum
915 1147 1108 1216 mehercule
1135 1145 1375 1214 detrimentum

315 1257 506 1350 respublica
522 1278 678 1352 ceperat,
700 1265 728 1329 ti
751 1263 845 1332 illum
863 1263 909 1332 ob
926 1263 1010 1333 duae
1028 1267 1167 1357 pertee²
1183 1260 1377 1355 pulcherri-

315 1397 386 1442 mae
397 1377 431 1441 in
446 1376 652 1446 oblivionem
662 1379 866 1472 conjectum,
884 1381 1112 1474 eloquentiam
1124 1397 1157 1447 et
1171 1377 1373 1456 libertatem,

315 1513 383 1556 non
402 1492 561 1558 emittes.
588 1494 750 1585 Legitur,
779 1494 898 1576 floret,
930 1498 966 1564 in
985 1519 1104 1564 manue
1121 1495 1313 1572 hominnm,
1341 1493 1375 1557 in

315 1623 449 1698 pectora
471 1625 648 1702 receptus,
669 1627 866 1711 vetustatem
885 1611 1011 1680 nullam
1030 1614 1124 1679 timet
1136 1605 1164 1676 ⁵.
1184 1611 1228 1676 At
1243 1607 1375 1674 illorum

315 1724 512 1792 carnificum
538 1727 606 1792 cito
623 1726 749 1794 scelera
773 1752 928 1819 qnoque,
947 1727 1071 1818 quibua
1088 1726 1168 1794 tolie
1183 1725 1385 1808 memoriam

317 1855 536 1918 mernerunt,
567 1836 761 1908 tacebunt⁴.
786 1845 865 1910 Haec
884 1840 1080 1936 magnitudo
1101 1841 1204 1907 animi
1221 1831 1298 1906 tui⁵
1320 1860 1379 1904 ve-

353 2048 824 2116 ¹·1ssrtt!¹¹'⁰·1'ttdole,manuliber.dd
874 2052 962 2106 Cordo
970 2047 1379 2114 divinavitllottervanaluitla-

317 2124 825 2200 huneloeumlludkopfimorua,quoniam
874 2129 939 2201 juria
946 2129 1014 2182 enim
1024 2142 1167 2204 temporum
1177 2149 1223 2182 uec
1231 2125 1307 2196 buitta
1317 2143 1381 2199 pa*

316 2215 422 2256 mortm
433 2203 482 2256 tibi
493 2205 545 2274 ipae
557 2206 680 2258 conscivit
691 2225 697 2258 :
707 2211 824 2274 ingenio.
874 2207 947 2260 clar-ia
962 2208 1133 2260 monumentis
1148 2205 1267 2280 pepercit.
1280 2203 1379 2256 Periere

316 2281 517 2354 obacriptioueut
528 2295 554 2336 et
563 2283 669 2356 atylum.
680 2285 825 2357 Lipcimta·
874 2298 957 2338 autem
964 2286 1064 2346 omnia,
1074 2298 1161 2357 preter
1167 2286 1308 2355 fragmenta
1317 2297 1381 2351 qua⁴

316 2377 374 2411 men
392 2379 473 2410 manu
486 2359 591 2433 explicat
608 2361 639 2413 de
653 2361 788 2434 acriptinne
801 2377 827 2416 et
874 2365 933 2416 dam
945 2384 985 2435 ap.
997 2364 1121 2416 Senecam
1137 2373 1232 2434 patrem
1243 2357 1379 2420 suasorie,

318 2434 392 2508 stylo.
408 2437 586 2508 Altallropfii
595 2439 706 2511 partibus
720 2453 766 2493 stat
776 2441 826 2492 No-
875 2439 919 2492 tit».
932 2441 999 2504 Vll,
1017 2459 1073 2513 pag.
1089 2440 1137 2504 44,
1154 2440 1201 2506 47,
1215 2437 1254 2490 ed.
1266 2437 1381 2490 Gronov.

315 2510 535 2583 atratlaprunpe,
549 2515 825 2584 quitieverti22Corr-
876 2517 923 2588 (lq
935 2516 1198 2590 aq.Bip.)Brcviora
1208 2534 1286 2576 tane,
1305 2533 1390 2584 quam,

316 2609 389 2644 aerea
409 2610 456 2644 ton
473 2594 547 2660 gt'nie
568 2603 593 2646 et
613 2613 661 2646 aon
680 2614 742 2646 ame
757 2597 827 2646 darre
875 2595 907 2646 de
935 2594 1026 2665 quibua
1055 2595 1190 2647 decernere
1213 2605 1268 2646 tuto
1291 2591 1392 2665 aliquit

315 2669 542 2739 tindependame,
555 2682 581 2723 et
590 2671 704 2734 a’ortcrt't,
715 2692 768 2739 por
779 2691 826 2724 sou
876 2672 964 2724 valeat.

315 2767 437 2817 contage,
447 2747 653 2808 tanchemt'ndla
663 2751 760 2802 Iiberte'.
773 2753 826 2802 Noa
909 2753 932 2816 4.
951 2749 1054 2820 Quibus
1075 2751 1139 2800 solis
1155 2749 1309 2800 naemort'am
1330 2762 1384 2797 trar-

317 2845 374 2878 cnm
387 2825 472 2898 ltipeio
482 2837 566 2879 tamen
574 2827 697 2879 Senecam
702 2840 825 2898 putamus,
875 2838 995 2890 ruerunt,
1010 2827 1138 2880 tacebunt.
1150 2828 1170 2878 l.
1183 2846 1205 2876 e.
1216 2837 1383 2884 evanescent,

318 2903 496 2956 deAnttalium
509 2903 627 2975 scriptore
644 2903 781 2967 dicentem,
793 2907 825 2957 ad
876 2923 929 2955 non
956 2903 1128 2975 apparebunt,
1152 2921 1204 2954 non
1228 2913 1384 2962 noscentur,

319 2981 397 3053 ipaitaa
414 2992 520 3033 morum
541 3001 594 3034 nou
612 2982 744 3054 reapeaitae
758 3001 764 3032 t
780 2984 827 3034 li—
876 2999 951 3049 quern
969 3001 1042 3032 utum
1055 2980 1177 3052 loquendi
1189 2978 1307 3052 exemplis
1325 2977 1393 3029 itta?

318 3057 376 3110 bere
391 3058 491 3112 Cordua
505 3059 581 3112 aenait
600 3063 610 3124 (
619 3059 758 3130 ingenio),
775 3061 828 3132 egit
875 3058 962 3110 stavit
981 3058 1006 3109 J.
1027 3059 1057 3110 Ι·’.
1077 3059 1191 3110 Gronov.
1207 3057 1240 3109 ad
1257 3055 1312 3108 niv.
1328 3055 1386 3118 IX,

318 3135 444 3202 (indole)
455 3174 463 3202 ‚
474 3136 571 3210 κείμὴ
580 3141 591 3202 4
599 3157 676 3190 mauu
685 3141 705 3206 ).
876 3154 929 3208 cap.
941 3135 957 3187 6
978 3136 1020 3186 Fet
1039 3135 1114 3189 lectio
1128 3136 1204 3188 MSS.
1216 3134 1314 3188 Eraami
1329 3147 1384 3188 eat.

350 3233 374 3266 a.
387 3212 491 3266 Partes.
505 3215 586 3267 lianc.
596 3215 651 3270 leet.
661 3215 758 3287 Lipsius
768 3234 827 3268 cum
877 3215 909 3263 Ar
923 3213 1058 3266 Pincianus
1070 3225 1094 3266 et
1109 3215 1221 3266 Muretus
1236 3213 1387 3264 tacebuntur

319 3290 390 3344 tibris
401 3291 498 3363 aliquot
507 3293 616 3366 pretulit
629 3294 660 3348 cci
676 3307 746 3347 ortes
757 3297 826 3365 (quat
876 3303 900 3342 et
913 3291 1279 3362 Grut.1‘ncebunt,dedernnt.

318 3367 419 3440 vulgata
427 3371 826 3442 eratlectio),qnumlibertaanou
910 3371 932 3420 5.
961 3367 1028 3422 Hoec
1050 3372 1204 3439 magnitudo
1232 3368 1318 3420 antam·
1339 3371 1387 3420 tui.

319 3447 382 3500 bene
398 3446 465 3502 inter
474 3459 544 3502 ortes
552 3457 689 3503 tenuatur.
703 3450 755 3502 Sed
768 3449 827 3519 quia
877 3444 1023 3511 Quamnam
1047 3446 1090 3500 ille
1112 3447 1147 3498 ait
1165 3441 1388 3518 magnitudinem?

317 3544 364 3578 ura
373 3538 397 3582 et
407 3526 498 3580 dicitur
509 3526 542 3579 dc
558 3527 648 3580 virtute
661 3547 826 3597 quacunque,
877 3522 946 3574 Num
962 3521 1028 3576 ltauc
1036 3523 1088 3594 jam
1100 3523 1214 3576 laudavit
1223 3559 1231 3586 ,
1241 3534 1285 3573 aut
1296 3521 1395 3590 aliquo¹

319 3623 395 3673 quam
406 3603 463 3675 quit
477 3604 525 3657 eibi
534 3605 658 3677 paraverit
670 3599 769 3670 studio,
779 3605 827 3657 hoe
876 3598 954 3650 modo
967 3599 1114 3652 memoravit
1123 3599 1254 3652 tMinime
1264 3599 1386 3670 quidem,

317 3679 376 3734 loco
388 3681 462 3736 etiam
473 3691 544 3735 artes
553 3681 656 3734 delendi
666 3694 769 3756 pontum
779 3700 786 3734 ι
797 3680 828 3733 li·
875 3677 919 3729 ted
929 3677 1005 3749 ipsius
1015 3677 1153 3750 specimina
1164 3676 1282 3751 prodidit
1294 3679 1388 3728 Nonne

318 3759 399 3814 bertae
408 3761 477 3816 enim
485 3761 775 3832 deaignataententiaa'et
786 3780 827 3812 co·
876 3755 946 3807 enim
960 3755 1003 3808 illa
1016 3756 1111 3808 sentina
1126 3775 1219 3826 magno
1239 3754 1324 3806 animo
1340 3753 1388 3806 luit

318 3839 451 3910 gitatiouea
459 3839 531 3892 liberi
540 3840 703 3911 ejusdemque
712 3837 827 3890 doctrina
875 3855 942 3906 qua,
955 3835 998 3887 ubi
1009 3834 1108 3888 nullum
1120 3836 1170 3908 jam
1180 3834 1244 3907 patri
1255 3833 1301 3884 iter
1313 3831 1346 3884 ad
1358 3831 1388 3883 li-

320 3916 422 3990 eapoliti
443 3917 563 3972 hominia.
582 3918 616 3970 At
633 3936 721 3990 parum
734 3917 826 3968 refert:
876 3911 996 3964 bertatem
1003 3913 1126 3976 viditmiai
1134 3925 1249 3977 mortem,
1256 3907 1356 3982 piafilia
1365 3921 1390 3962 et

319 3996 402 4066 itaque
413 3995 479 4050 nihil
489 3995 593 4050 mutavi.
876 4011 979 4064 gement
990 4029 998 4056 ,
1016 3992 1124 4063 gemitus
1138 4004 1222 4064 tamen
1238 3988 1369 4042 devoravit
1380 4025 1387 4050 ,

352 4073 376 4126 3.
389 4076 420 4128 V
416 4085 553 4128 etuttatem
567 4075 669 4126 nullom
681 4075 761 4126 timet.
776 4073 827 4125 Te·
876 4089 958 4140 neque
977 4068 1106 4121 obstaculo
1125 4068 1163 4119 illi
1183 4067 1229 4120 tuit
1246 4064 1389 4135 quominus

319 4171 377 4206 men
403 4152 447 4206 illa
467 4149 661 4216 immortalitas,
685 4170 761 4220 quam
784 4149 826 4202 hir
874 4144 1387 4214 liberevaderet?nonncillalortitqnoe,
