2954 4926
340 519 434 614 me.
461 519 533 604 vr,
559 519 667 587 esp.
694 519 865 588 xxvii.
1102 523 1190 618 err

98 644 239 714 affuturi
257 660 353 727 sunt,
370 663 404 714 et
420 663 498 714 ante
514 647 594 715 illos
609 649 731 730 sterni,
748 671 848 739 quem
863 645 949 739 erigi
968 645 1096 716 volunt.
1112 649 1170 716 ln-

100 757 250 854 humana
267 759 331 828 ists
344 783 505 853 perverse
519 763 607 856 grati
621 763 725 831 animi
740 775 860 830 nutum
874 776 941 842 est,
962 776 1080 832 eontra
1092 785 1170 832 eum

99 886 238 966 optare,
260 873 316 940 oui
335 872 476 942 honeste
490 874 606 944 deesse
618 899 686 942 non
704 875 841 968 possis.¹

151 990 282 1057 XXVI.
299 991 375 1057 Non
388 1007 487 1060 nocet
500 991 552 1058 illi
565 1007 679 1080 votum
689 1015 799 1061 meum
810 1041 820 1074 ,
833 992 964 1084 inquit,
977 993 1058 1084 quis
1069 993 1171 1060 simul

101 1120 183 1199 opto
197 1121 231 1174 et
249 1106 457 1198 periculum,
476 1124 510 1177 et
528 1107 728 1198 remedium.
746 1111 819 1176 Hoc
836 1107 942 1191 dicis,
964 1107 1122 1177 nonnihil
1137 1125 1172 1175 te

100 1246 267 1316 peccare,
287 1222 348 1294 sed
366 1225 478 1293 minus
492 1249 592 1317 quam
606 1226 634 1293 si
646 1227 720 1294 sine
739 1223 889 1296 remedio
907 1225 1099 1319 perieulum
1111 1250 1173 1319 op·

103 1354 207 1407 tures.
225 1338 384 1438 Nequitia
396 1357 467 1422 est,
490 1356 528 1408 ut
545 1341 732 1425 extrahas',
749 1365 904 1434 mergere
917 1371 927 1429 ς
942 1357 1115 1424 evertere,
1136 1358 1172 1408 ut
1197 1336 1202 1346 ’

102 1456 265 1542 suscites3
282 1471 321 1526 ut
332 1458 499 1540 emittar,
515 1457 705 1528 includere.
722 1460 796 1528 Non
813 1475 864 1527 est
877 1447 1101 1540 beneficium,
1118 1459 1173 1526 in·

97 1570 203 1662 juriae
215 1563 313 1640 linis³
326 1593 334 1638 :
349 1595 413 1642 neo
426 1595 577 1665 unquam
590 1572 627 1642 id
640 1574 821 1644 detraxisse
833 1576 990 1646 meritum
1002 1592 1067 1663 est,
1082 1575 1174 1669 quod

104 1687 191 1779 ipse,
203 1689 262 1780 qui
273 1688 429 1773 detraxit,
442 1689 615 1758 intulerat.
630 1693 706 1759 Non
718 1690 878 1762 vulneres
889 1715 942 1759 me
954 1692 1057 1774 malo,
1071 1715 1174 1783 quam
1187 1693 1188 1696 ’

102 1827 226 1890 sanes3
243 1821 338 1899 potes
352 1808 596 1900 iniregrutiam
609 1857 618 1890 ‚
633 1809 686 1891 si,
702 1810 782 1901 quio
795 1809 991 1878 uulneratus
1007 1833 1102 1890 sum,
1119 1832 1175 1876 sa-

103 1941 167 1988 nos
184 1945 191 1985 :
211 1943 301 2002 non,
322 1921 351 1988 si
369 1921 547 2012 vulneras,
565 1937 602 1989 nt
615 1919 784 1989 sanandus
798 1923 872 1990 sim.
889 1925 1070 2015 Nunquam
1084 1924 1175 1993 cico-

103 2036 191 2119 trix,
205 2037 271 2104 nisi
281 2036 403 2108 collato
413 2037 564 2123 vulneri,
577 2031 718 2130 placuit⁴
739 2063 745 2104 :
763 2037 856 2130 quod
871 2038 916 2105 its
929 2033 1038 2109 coisse
1051 2035 1176 2130 gaude-

105 2174 200 2233 mus,
226 2169 265 2224 ut
287 2177 356 2222 non
378 2153 481 2224 luisse
503 2153 689 2226 mallemus.
715 2153 750 2222 Si
768 2151 837 2220 hoc
853 2154 886 2220 ei
903 2167 1057 2248 optares,
1078 2153 1175 2246 cnjus

105 2265 238 2342 nullum
261 2269 465 2344 beneficium
491 2268 658 2352 haberes,
685 2268 906 2338 inhumanum
932 2284 1006 2336 erut
1031 2284 1171 2338 votum:

105 2397 234 2472 quanto
251 2383 470 2458 inhumanius
483 2387 516 2453 ei
530 2401 647 2478 optes,
664 2386 721 2476 cui
735 2383 940 2454 beneficium
952 2380 1084 2450 debes?

153 2498 302 2567 XXVII.
318 2499 444 2584 Simul,
457 2501 591 2593 inquit,
604 2515 642 2567 ut
653 2499 777 2593 possim
792 2499 881 2568 serre
890 2498 943 2568 illi
957 2523 1078 2593 opem,
1093 2523 1173 2592 pre-

103 2635 177 2684 cor.
192 2613 363 2697 Primum,
380 2630 418 2684 ut
433 2631 466 2682 te
479 2618 516 2691 in
529 2615 640 2710 media
653 2631 749 2708 parte
760 2616 831 2685 voti
843 2617 893 2684 tui
906 2639 1068 2709 occupem
1080 2667 1089 2698 ‚
1100 2616 1171 2707 jam

103 2731 259 2824 ingratus
273 2753 331 2816 es3
348 2729 498 2806 nondum
516 2729 619 2798 audio
632 2732 715 2822 quid
731 2731 782 2799 illi
794 2731 879 2800 velis
894 2747 1054 2826 prestare
1073 2758 1080 2798 :
1102 2733 1171 2798 scio

104 2844 191 2936 quid
208 2833 309 2922 iltum'
330 2845 415 2918 velis
440 2846 522 2940 pati.
543 2845 813 2916 Sollicitudinem
833 2847 884 2920 illi
910 2862 945 2916 et
964 2863 1116 2930 metum,
1138 2863 1172 2915 et

104 2959 213 3051 majus
221 2959 360 3051 aliquod
372 2959 570 3053 imprecaris
584 2960 705 3028 malum
720 2989 727 3027 ε
741 2978 854 3055 optes,
867 2978 905 3030 ut
918 2987 983 3059 ope
996 2963 1168 3056 indigeat3

103 3077 170 3144 hoc
189 3091 307 3147 contre
321 3075 417 3172 illum
434 3091 506 3143 est:
523 3091 618 3169 optas
632 3093 670 3152 ut
686 3093 742 3147 tun
757 3075 910 3170 indigeat
923 3100 987 3171 ope
1003 3102 1013 3166 ;
1029 3078 1095 3147 hoc
1108 3103 1171 3172 pro

103 3341 239 3396 sinistrum.
247 3341 279 3392 ln
290 3339 376 3393 medio
389 3340 496 3412 spatium
505 3359 614 3396 vscuurn
698 3362 721 3394 ο.
736 3340 774 3394 Ut
784 3319 888 3395 emittas
900 3361 949 3405 ‚sn
959 3364 981 3396 e.
990 3315 1088 3396 tersere
1096 3343 1172 3416 cepti·

6 3421 7 3426 ’
103 3432 131 3476 et
139 3418 257 3484 liberum,
269 3417 374 3470 nomine
383 3417 514 3490 principia.
526 3416 614 3471 Caeter.
663 3439 723 3472 vum
733 3457 742 3480 ,
753 3431 783 3470 ut
793 3418 890 3471 liberes.

103 3502 137 3556 cs.
144 3498 234 3572 Polyb.
244 3497 290 3552 lib.
299 3498 355 3564 vl,
366 3515 418 3568 esp.
429 3501 444 3550 5
454 3514 461 3556 ;
472 3495 536 3548 Ces·
547 3515 613 3548 eom.
698 3498 720 3550 3.
738 3497 924 3566 Injon'oefinr's.
939 3497 959 3548 l.
970 3517 992 3549 e.
1002 3496 1171 3552 incommodis

103 3579 136 3631 de
147 3577 178 3631 B.
189 3578 223 3632 G.
233 3576 278 3630 tib.
289 3577 329 3642 11,
340 3593 396 3648 esp.
408 3576 440 3640 sl
449 3593 457 3639 ;
467 3575 556 3646 Veget.
569 3573 613 3626 lib.
662 3574 801 3646 malisque,
814 3575 905 3646 quibus
920 3575 1030 3644 aliquem
1043 3577 1169 3639 affeceris,

104 3658 135 3722 l,
152 3675 206 3729 esp·
216 3654 255 3709 23.
265 3654 334 3707 Tum
346 3665 371 3706 et
378 3671 446 3726 supr.
464 3649 557 3702 laudat.
569 3651 613 3702 ti·
661 3653 737 3704 finem
749 3653 905 3727 imposuisse.

103 3733 204 3806 psisnos
216 3729 311 3804 dialog.
321 3729 353 3784 de
364 3729 437 3782 milit
447 3749 512 3781 rom.
581 3767 588 3784 .
695 3731 719 3794 4.
731 3732 877 3801 Nunquam
886 3733 1171 3799 asturis.......p1acotr.

5 3847 7 3856 .
100 3809 236 3864 ·xxvl.
252 3813 324 3864 Atto.
342 3808 448 3862 illorum
459 3805 613 3880 vituperium
661 3807 691 3859 ld
704 3821 809 3878 est‚per
825 3828 916 3861 senon
930 3809 1029 3876 placet,
1042 3809 1170 3864 sedeom-

103 3889 149 3960 qui
166 3887 321 3962 periculum,
340 3887 385 3958 qui
401 3884 536 3938 rnslssliis
554 3905 612 3956 pren
661 3885 790 3956 perstioce
811 3885 898 3958 placet.
922 3885 1071 3940 Cicatricem
1100 3887 1169 3940 malo

102 3965 388 4042 eentur‚ipsidepulsnri
397 3977 530 4034 εῑσοτῆρος
538 3984 564 4017 se
575 3967 611 4016 sel
661 3981 736 4032 quam
749 3964 849 4016 vulnus.

5 4079 6 4100 r
102 4048 280 4116 ἀποτροπαίους
296 4055 431 4120 sperentes.
448 4041 612 4096 insolentiam
693 4041 803 4099 Xttvtl.
816 4049 886 4098 Atte-
903 4043 1027 4098 Esmdem
1039 4043 1168 4098 materiam

5 4151 7 4178 t
102 4125 129 4182 id
141 4136 166 4178 et
176 4123 313 4194 injuriam,
324 4144 378 4178 non
386 4120 588 4176 beneficentism.
661 4119 824 4193 persequitur.
845 4123 961 4193 Ingratus
980 4122 1073 4192 estqui
1091 4123 1125 4174 its
1142 4142 1169 4176 se

5 4231 8 4260 ι
138 4223 160 4255 ι.
182 4202 379 4266 Πειτινοήοες
398 4219 411 4252 e
435 4200 500 4252 snsri
520 4219 611 4273 nempe
630 4199 640 4216 ⁸
660 4198 725 4252 solvi
734 4197 818 4271 etspit,
831 4213 859 4252 nt
876 4201 952 4255 etism
960 4221 1005 4275 per
1020 4200 1170 4253 calamitates

5 4309 8 4336 t
102 4269 171 4338 lunc
185 4281 403 4356 quinsufrsgium
416 4292 554 4354 passusest.
660 4277 779 4332 solvetur.
811 4277 933 4332 Hostibus
963 4277 1120 4333 simillimum
1144 4299 1170 4332 se
