2954 4926
293 471 359 538 582
629 465 698 532 DE
720 463 1036 532 BENEFICIIS

291 601 449 694 protinus
463 598 631 692 jusseris,
651 595 811 666 nonnihil
826 609 940 662 actum
957 595 1050 661 erit:
1072 618 1142 661 uuu
1161 594 1265 661 etium
1281 589 1370 684 quud

292 715 425 786 diruere
435 737 692 809 supervacuum
707 728 782 792 est,
808 709 951 804 prodest
968 733 1198 804 cognoscere..
1210 713 1261 778 Ex
1277 708 1369 776 vultu

292 833 401 925 igitur
418 847 477 898 tuo
494 828 653 924 pendebo
665 831 699 914 ¹,
718 841 823 922 prout
837 825 895 892 ille
910 827 1057 894 suaserit
1071 825 1155 892 mihi
1174 851 1182 890 :
1199 823 1268 892 aliu
1284 822 1370 891 deti-

293 947 383 1016 nebo
401 944 552 1028 diutius,
573 943 641 1012 ulia
654 941 840 1036 expellam
856 957 892 1010 et
910 943 1023 1036 mpite
1040 947 1177 1035 agnm'.

340 1065 387 1132 11.
404 1061 459 1132 An
471 1061 679 1130 beneficium
691 1060 780 1152 eripi
789 1059 914 1153 possit,
928 1059 1109 1152 quesitum
1122 1051 1209 1125 αι’.
1223 1057 1370 1150 Quidam

293 1195 550 1274 ueguntposse3
561 1174 733 1246 nonenim
744 1199 800 1244 res
813 1191 877 1257 est,
886 1171 948 1242 sed
959 1177 1050 1244 actio
1064 1203 1072 1241 :
1084 1199 1154 1268 quo
1167 1174 1270 1243 modo
1282 1173 1371 1242 aliud

292 1312 508 1376 eutulanus,
530 1295 625 1363 uliud
642 1295 717 1388 ipsa
729 1292 888 1378 douati03
907 1289 1003 1360 aliud
1018 1293 1081 1384 qui
1097 1291 1261 1385 navigat,
1283 1291 1372 1358 aliud

293 1412 468 1505 uuriffltiu
487 1438 494 1478 :
515 1425 551 1478 et
567 1411 722 1502 quamvis
737 1431 830 1502 uper
843 1431 914 1476 uuu
931 1408 977 1476 sit
992 1409 1066 1476 sine
1083 1403 1225 1490 morbo,
1242 1432 1316 1475 nou
1328 1423 1372 1475 tu·
1450 1487 1451 1502 ἶ

295 1550 374 1595 meu
396 1524 489 1594 idem
510 1542 561 1594 est
580 1549 672 1620 aeger
689 1539 725 1593 et
745 1524 897 1594 morbus.
915 1526 968 1593 lta
985 1523 1081 1592 aliud
1097 1541 1150 1594 est
1167 1525 1373 1594 beneficium

295 1645 426 1738 ipsum,
440 1642 535 1713 aliud
548 1694 558 1728 ‚
578 1641 671 1735 quod
686 1641 733 1711 ad
743 1665 1025 1734 unumquemque
1038 1658 1194 1711 nostrum
1206 1640 1372 1710 beneficio
1450 1631 1451 1700 ἶ

256 1810 272 1844 ,
295 1761 467 1856 pervenit.
484 1758 577 1827 iilud
586 1755 803 1852 incorporale
816 1773 868 1826 est
879 1806 891 1842 ,
904 1757 1041 1826 irritum
1052 1782 1121 1826 nou
1130 1752 1193 1826 fit⁴
1212 1759 1373 1826 :materia
1450 1807 1451 1812 κ

295 1901 376 1948 vero
390 1867 484 1970 ejus⁵
503 1875 574 1944 huc
593 1892 628 1943 et
645 1875 728 1943 illuc
745 1875 909 1968 jactatur,
926 1889 962 1942 et
975 1872 1151 1942 dominum
1166 1888 1290 1942 mutat.
1304 1876 1374 1941 ltu-
1450 1875 1451 1924 ἶ

296 2017 364 2085 que
382 2015 490 2084 quum
504 1990 629 2085 eripis,
645 1991 720 2085 ipsa
732 2013 850 2058 rerum
861 2005 984 2058 natura
997 2012 1160 2058 rerooere
1173 1988 1269 2082 quod
1282 1987 1373 2058 dedit
1450 1997 1451 2040 1

296 2205 377 2279 lipsii
388 2205 491 2258 Saturis.
499 2205 541 2269 11,
560 2205 598 2257 18.
611 2207 667 2258 Nee
682 2205 768 2260 minus
783 2207 812 2259 iu
860 2225 915 2258 nou
931 2206 1011 2270 inre,
1024 2219 1050 2257 st
1064 2207 1093 2258 iu
1104 2207 1373 2278 snim:resquiden

296 2282 472 2356 ludisquoque
480 2282 587 2336 scenicis
594 2303 638 2356 per
645 2282 813 2356 prologospu-
860 2292 891 2336 ut
902 2285 971 2348 deri,
986 2285 1112 2352 canistri,
1124 2287 1159 2339 ita
1171 2288 1268 2340 enimi
1280 2301 1372 2362 putem

296 2360 357 2436 pulo
375 2361 492 2414 ordinem
511 2359 566 2413 ludi
591 2380 643 2413 esse
662 2361 813 2434 explicatum
861 2362 941 2416 animi
951 2363 1068 2416 voluutas
1078 2364 1146 2418 bona
1159 2385 1214 2418 uuu
1228 2367 1373 2438 potestur-

298 2451 343 2492 sut
351 2440 490 2512 expositum
499 2451 608 2502 rursm,
622 2439 656 2492 sd
669 2439 813 2512 exemplum
860 2441 973 2496 ustionis
995 2455 1022 2494 et
1045 2443 1109 2496 doni
1133 2443 1288 2507 distineti03
1311 2441 1372 2495 iilud

296 2517 443 2589 Euripidis,
463 2517 508 2589 qui
527 2517 623 2590 primus
640 2519 718 2591 muris
736 2517 813 2590 hujus
862 2520 986 2594 eripitur,
1004 2519 1060 2574 har
1080 2534 1176 2574 manet
1200 2520 1373 2593 Comparatio·

297 2607 385 2648 ructor
397 2595 473 2648 fuisse
485 2593 643 2650 rideturtin
655 2597 812 2648 mimiirero
861 2615 907 2650 nes
924 2617 938 2650 e
956 2599 1077 2671 preteriti
1095 2611 1185 2651 natura
1202 2599 1274 2669 quod
1294 2618 1370 2667 neque
1450 2649 1451 2652 ,

298 2687 479 2746 argumentum
492 2685 517 2728 et
526 2677 645 2730 ordinem
655 2671 814 2750 igeudwum
859 2675 970 2741 murati,
989 2695 1071 2745 neque
1082 2675 1186 2750 diffiugi
1198 2675 1287 2744 siiquu
1298 2674 1371 2726 nudo

297 2753 418 2808 tsbulsin
426 2756 812 2832 parietseppeusspraesrriptum
860 2765 950 2830 potest

297 2832 424 2886 actoribus
430 2833 505 2886 fuisse
512 2834 651 2886 verisimile
657 2847 702 2902 est,
709 2855 738 2889 ex
746 2849 813 2887 tem·
895 2835 919 2888 3.
928 2837 974 2888 An
982 2837 1174 2907 Mefitim...
1184 2848 1232 2890 est.
1243 2835 1320 2889 Haud
1327 2835 1372 2888 du-

267 2950 274 2958 .
297 2931 357 2985 pure
372 2911 490 2984 deinceps
509 2909 606 2964 ludicre
618 2913 694 2965 oculu
707 2913 811 2983 aurique
860 2911 902 2965 bie
913 2912 1036 2974 sStuieis‚
1048 2932 1112 2982 quus
1121 2927 1207 2966 temen
1218 2913 1371 2984 ignoremus.

297 2987 442 3040 auditorum
468 2988 667 3059 subjicientibus.
692 2992 812 3066 Inprimis
861 2989 986 3043 Eandem
997 2990 1371 3064 benefieiidistinetionemjsm

296 3065 441 3118 temeuhue
450 3078 607 3140 spectaturos
616 3067 673 3132 ille,
682 3069 812 3140 quuaedili
860 3087 935 3140 supra
948 3068 1032 3121 attulit
1041 3081 1138 3130 noster,
1151 3070 1174 3130 Ι,
1188 3069 1213 3122 6

296 3139 372 3194 aliive
383 3143 541 3216 msgistntui
555 3165 647 3198 munus
662 3147 690 3198 in
700 3147 808 3218 gratiam
893 3147 917 3211 4,
927 3145 1007 3199 Illud
1013 3147 1217 3214 imorpurole.....
1224 3151 1269 3200 sit.
1276 3146 1372 3198 Vulnu-

295 3218 383 3294 popuii
395 3219 493 3274 edituro
507 3223 661 3296 exploranda
678 3226 746 3297 prius
757 3240 810 3278 erut
858 3235 1000 3278 terrentem
1012 3222 1115 3289 nititur,
1126 3237 1151 3276 et
1161 3225 1242 3276 virtus
1252 3237 1297 3276 est.
1304 3223 1370 3278 Aiiss

295 3295 811 3378 iabulsspettsculivesurmuetargurueu·
858 3299 927 3354 Sto:
938 3297 1040 3353 fidelior
1047 3302 1148 3354 mansit
1157 3303 1227 3353 Nam
1238 3303 1309 3377 epist
1318 3317 1369 3366 cvr,

295 3387 351 3428 tum
359 3414 367 3444 ,
381 3397 458 3448 quam
471 3377 614 3432 destinaret.
861 3381 931 3432 rusie
937 3379 1115 3450 argutabantur:
1128 3403 1141 3428 s
1151 3381 1256 3433 Bonum
1265 3381 1370 3454 corporis

332 3473 352 3504 ι.
363 3451 413 3506 Ex
432 3457 508 3508 vultu
525 3468 570 3509 tuo
580 3459 659 3525 μηνὶ.
675 3458 743 3510 Nota
754 3458 809 3518 hec
859 3457 988 3530 corporale
999 3443 1158 3511 'centonum
1166 3459 1371 3512 homiuisetror

294 3554 345 3606 quo
359 3535 459 3592 facilius
471 3537 588 3612 Vlicap·
604 3538 660 3592 init.
673 3536 808 3609 intelligas.
857 3538 925 3614 poris
938 3525 1043 3590 'bonuin
1067 3549 1121 3604 est,
1144 3540 1229 3609 itaque
1246 3537 1369 3610 corporale

327 3634 350 3664 2.
362 3613 400 3666 Et
411 3617 496 3684 cupite
506 3635 599 3685 agam.
610 3615 653 3670 Sic
667 3615 787 3669 Erasmus
799 3655 807 3684 ,
857 3629 916 3667 est.»
929 3615 1008 3686 Epist.
1017 3630 1102 3680 cxvn,
1111 3637 1125 3667 2
1134 3637 1171 3687 sq.
1179 3616 1232 3669 Sed
1242 3615 1368 3668 sciendum

294 3689 368 3744 codd.
381 3691 442 3744 Nar.
451 3691 555 3766 aliique.
565 3693 634 3760 Alii,
646 3704 672 3747 et
681 3715 713 3747 eu
722 3698 808 3762 perire
858 3707 908 3759 est,
920 3714 1010 3768 corpus
1021 3707 1045 3746 et
1054 3693 1184 3766 corporale
1197 3693 1290 3746 Stoicis
1303 3713 1366 3756 esse,

292 3789 374 3836 agam
385 3809 392 3833 ,
408 3770 469 3834 alii,
483 3783 509 3822 et
519 3792 550 3824 eu
558 3779 640 3839 pente
652 3793 742 3842 agam.
755 3771 807 3825 Sed
856 3773 961 3827 insolita
970 3771 1157 3846 significatione
1166 3814 1173 3839 ,
1183 3794 1260 3826 omne
1270 3774 1296 3826 id
1303 3770 1366 3844 quod

293 3847 359 3900 iliud
371 3848 436 3901 hene
448 3847 524 3902 habet
535 3869 542 3903 :
555 3849 673 3920 quedam
691 3849 784 3902 horum
797 3888 806 3917 ,
856 3852 919 3922 quid
932 3849 1027 3905 efficiat
1039 3871 1085 3908 sua
1097 3866 1185 3926 sponte
1197 3893 1204 3919 ,
1218 3866 1243 3906 et
1256 3865 1364 3904 nostrum

293 3925 378 3996 iuquit
388 3925 485 3979 Seneca
495 3967 502 3994 ‚
514 3925 650 4000 interprete
664 3927 758 4004 Lipsio,
772 3928 809 4001 ip·
857 3928 884 3980 h.
895 3927 914 3980 l.
926 3929 1031 3982 nonnisi
1044 3929 1258 4002 significationem
1277 3929 1365 4000 vulgr-

293 4021 383 4073 sosque
393 4002 509 4057 humiues
521 4003 615 4078 peilam
626 4019 651 4058 et
661 4005 740 4079 capite
750 4025 807 4078 pre·
857 4027 911 4059 rem
921 4021 1057 4078 sequutum
1069 4028 1130 4062 esse.

294 4078 386 4132 heusos
396 4082 504 4134 trudam.
890 4089 913 4139 5.
927 4085 1003 4152 It'jus.
1021 4085 1066 4138 sic
1084 4086 1157 4140 Pine.
1169 4098 1194 4137 et
1210 4083 1284 4138 Grut.
1295 4083 1363 4137 codd.

326 4160 361 4212 ΙΙ,
374 4164 444 4216 Ano.
451 4161 612 4216 Beneficium
621 4163 685 4238 eripi
697 4159 751 4216 nou
761 4186 807 4240 po·
856 4157 938 4218 Antea
949 4166 1182 4220 illiue-Materia
1193 4186 1252 4218 veru
1263 4163 1335 4228 elusi.
1344 4184 1362 4213 e.

295 4249 359 4306 test;
374 4239 423 4293 hue
436 4261 511 4295 seusu
525 4245 596 4315 quod
610 4243 763 4297 beneficium
775 4244 807 4297 sit
855 4241 974 4297 beneficii
986 4284 994 4314 ,
1009 4245 1036 4297 id
1049 4245 1131 4318 ipsum
1144 4245 1214 4318 quud
1226 4245 1303 4297 datur.
