2976 4950
294 409 361 496 448
638 401 706 468 DE
729 398 1044 468 BENEFICIIS
1113 489 1116 498 y

342 539 455 608 XXX.
476 531 627 626 Quodsi
647 532 746 600 initio
768 553 843 598 meo
865 527 1035 622 quidquid
1048 529 1119 623 jim
1142 553 1279 624 possum
1303 530 1379 600 de-

293 651 359 719 beo
367 701 379 736 ,
387 649 499 742 cogita
508 671 578 715 non
586 669 659 714 esee
670 646 805 714 initium
813 644 879 712 mei
891 658 1035 737 patrem,
1048 667 1091 711 ne
1100 667 1198 712 avum
1208 644 1373 737 quidem.

293 767 435 860 Semper
444 764 609 834 enimerit
619 759 914 853 ulteriuealiquid‚
924 783 965 830 ex
975 784 1044 852 quo
1052 761 1377 854 originiepmximae

293 885 390 976 origo
408 877 604 950 descendet.
622 878 728 970 Atqui
746 901 847 946 nemo
861 876 953 944 dicet
965 901 1020 944 mo
1032 878 1109 970 plue
1123 877 1249 948 debere
1263 880 1377 974 igno-

295 999 360 1076 tis,
381 1011 414 1064 et
428 996 517 1063 ultra
536 993 731 1062 memoriam
752 991 870 1084 positio
890 990 1098 1084 majoribus,
1124 1015 1224 1083 quam
1239 995 1330 1088 patri
1359 1021 1369 1060 :

293 1113 371 1208 pluo
388 1127 500 1180 autem
519 1109 628 1179 debeo
641 1159 651 1190 ,
664 1109 701 1210 'oi
723 1106 789 1174 hoo
813 1109 923 1200 ipsum
946 1104 1040 1198 quod
1061 1110 1180 1200 genuit
1201 1134 1253 1177 me
1267 1126 1374 1204 pater

253 1280 268 1313 2
295 1253 402 1312 meus,
418 1225 604 1322 majoribus
615 1221 728 1292 debet.
742 1221 923 1316 Quidquid
932 1223 1095 1316 praestiti'
1112 1225 1215 1317 patri,
1231 1227 1371 1297 etiamsi

295 1370 454 1440 magnum
474 1360 546 1428 eet,
574 1342 665 1411 inim
682 1341 935 1410 estimationem
957 1341 1093 1433 paterni
1113 1345 1264 1410 muneris
1283 1359 1367 1426 eet,

295 1461 376 1552 quie
395 1483 463 1528 non
490 1481 596 1526 eeeem
617 1504 627 1537 ‚
648 1457 677 1524 ei
693 1455 764 1524 'non
783 1454 985 1548 genuisset?
1002 1455 1071 1523 Isto
1089 1453 1208 1534 modo,
1230 1458 1369 1527 etiamsi

294 1575 372 1668 quis
383 1589 514 1668 patrem
532 1597 643 1640 meum
657 1596 787 1665 aegmm
799 1593 840 1638 ao
851 1571 1052 1664 moriturum
1067 1573 1255 1655 sanaverit,
1273 1574 1368 1642 nihil

293 1707 454 1786 praeetare
473 1691 505 1758 ei
523 1705 664 1782 potero,
684 1687 778 1780 quod
794 1712 864 1756 non
881 1687 1050 1755 beneficio
1069 1689 1143 1781 ejus
1160 1691 1272 1760 minus
1290 1693 1366 1779 sit;

294 1829 362 1874 non
375 1805 467 1873 enim
481 1804 655 1896 genuisset
667 1826 721 1870 me
734 1817 854 1895 poter,
871 1801 907 1868 ni
929 1817 1065 1870 sanatus
1078 1819 1177 1872 eeeet.
1194 1805 1262 1873 Sed
1282 1806 1368 1875 vide

294 1927 359 1992 ne²
370 1920 456 1992 illud
469 1921 583 1990 verius
597 1921 640 1989 sit
653 1921 825 2002 estimari,
837 1944 882 1987 an
895 1918 932 1986 id
943 1919 1037 2011 quod
1049 1923 1159 2013 potui,
1175 1938 1209 1989 et
1221 1923 1258 1992 id
1271 1925 1368 2016 quod

252 2069 268 2122 3
295 2037 381 2118 feci,
401 2060 513 2105 meum
529 2037 592 2118 eit,
618 2057 768 2102 mearum
784 2033 928 2120 virium,
945 2057 1028 2102 meae
1050 2034 1245 2104 voluntatis.
1272 2038 1368 2107 Illud

294 2152 386 2248 quod
405 2170 504 2222 natue
522 2177 616 2234 eum,
637 2175 701 2245 per
716 2175 753 2220 oe
769 2151 902 2220 intuere
917 2151 1018 2248 quale
1032 2152 1076 2219 sit
1091 2178 1099 2216 :
1116 2153 1367 2224 animadvertes

294 2273 453 2364 exiguum
468 2285 503 2337 et
516 2271 682 2338 inoertum
696 2319 707 2352 ,
722 2283 758 2336 et
771 2268 855 2336 boni
869 2268 1018 2362 malique
1032 2272 1244 2338 communem
1257 2289 1367 2344 mete-

292 2389 392 2470 riam,
407 2389 480 2455 sine
492 2385 596 2454 dubio
609 2385 757 2479 primum
771 2384 815 2452 ad
827 2386 940 2453 omnia
950 2385 1092 2478 giodum
1110 2415 1119 2472 3
1135 2387 1195 2455 sed
1207 2412 1277 2458 non
1287 2388 1366 2462 ideo

247 2496 254 2509 ’
292 2500 454 2596 mojorem
472 2501 651 2582 omnibus,
672 2501 753 2591 quia
771 2500 930 2593 primum.
947 2501 1086 2569 Servavi
1099 2517 1254 2594 patrem,
1270 2521 1306 2574 et
1321 2507 1366 2576 ad

291 2642 454 2686 summam
465 2617 604 2710 provexi
615 2614 829 2710 dignitatem,
841 2631 876 2683 et
885 2615 1077 2709 principem
1088 2617 1184 2686 urbie
1193 2643 1263 2688 eum
1275 2621 1363 2708 feci3

291 2757 355 2803 neo
368 2749 499 2803 tontum
517 2733 620 2802 rebus
632 2757 653 2800 a
667 2756 721 2800 me
738 2733 840 2826 gestis
856 2732 1056 2819 nobilitavi,
1072 2735 1132 2803 eed
1144 2737 1211 2828 ipsi
1225 2763 1367 2832 quoque

291 2850 519 2945 gerendarum
545 2851 720 2942 ingentem
744 2873 785 2918 ac
810 2848 971 2932 facilem,
997 2868 1194 2920 nectutem
1221 2856 1364 2940 minue,

249 3003 266 3069 4
291 2992 392 3060 quam
412 2968 592 3060 gloriosam
609 2965 690 3033 dedi
707 2967 894 3035 materiem.
918 2969 1092 3054 Honores,
1122 2993 1226 3064 opes,
1254 2972 1366 3066 quid..

290 3083 375 3176 quid
389 3084 553 3153 humanos
568 3081 611 3150 ad
625 3105 660 3149 se
674 3081 804 3151 animos
817 3083 927 3176 mpit,
947 3086 1101 3178 congessi
1114 3113 1124 3171 3
1141 3103 1176 3154 et
1188 3113 1296 3180 quum
1310 3113 1367 3159 su.

322 3313 407 3366 XXX.
419 3316 489 3368 Atto.
505 3313 535 3368 si
556 3313 621 3366 inira
634 3313 732 3388 paterni
745 3333 802 3365 mn·
849 3335 882 3369 ne
892 3316 990 3370 vixerit.
1002 3318 1042 3369 Ad
1051 3317 1109 3384 hoe,
1118 3333 1215 3394 patrem
1225 3323 1365 3396 voluptatis

291 3393 358 3446 nerii
377 3391 571 3446 estimationem
590 3391 653 3463 jacet
674 3389 800 3462 quidquid
849 3411 923 3446 muse
934 3393 1049 3466 genuisse
1059 3408 1084 3447 et
1095 3395 1204 3449 inscium
1214 3419 1221 3462 ς
1230 3397 1363 3466 fitinm‚si

291 3489 426 3522 munerum
445 3469 509 3543 petri
527 3465 595 3522 filius
614 3469 670 3543 pius
684 3467 799 3542 ingerit,
848 3475 1011 3548 patrisvitom
1020 3477 1134 3542 servarit,
1144 3478 1240 3532 etecire
1250 3481 1316 3550 quid
1329 3483 1365 3534 in-

292 3547 366 3600 debet
383 3548 438 3621 plus
450 3547 526 3600 etiam
540 3545 608 3599 filius
619 3565 667 3598 ovo
680 3584 687 3612 ‚
700 3545 799 3611 abavo,
849 3553 914 3620 ciet,
933 3572 980 3606 nee
995 3553 1129 3625 voluptetio
1141 3556 1263 3629 cupidine
1277 3558 1346 3612 duci.

292 3639 450 3697 etavoquam
462 3625 537 3698 patri3
549 3643 608 3676 nom
620 3637 647 3675 ut
659 3643 672 3676 a
685 3623 799 3698 potre,fi-
885 3649 906 3682 ι.
925 3629 1065 3701 Quidquid
1080 3637 1212 3700 proestih',
1230 3649 1278 3689 ete.
1296 3636 1364 3692 sant

292 3704 351 3772 iios,
359 3704 431 3756 eieab
442 3723 490 3756 avo
498 3713 575 3776 peter,
586 3703 800 3756 eteDebetetiam
848 3707 924 3762 verbe
932 3707 1086 3775 adversarii,
1097 3727 1155 3780 que
1166 3712 1266 3766 Seneca
1274 3715 1310 3768 ite
1319 3715 1363 3769 ed·

291 3783 348 3858 plue
366 3801 443 3853 quem
455 3801 568 3852 unquem
584 3781 671 3833 reddet
682 3781 799 3848 medico,
849 3783 936 3848 hibet,
953 3785 1026 3855 quati
1041 3787 1072 3838 ab
1091 3807 1121 3840 eo
1137 3801 1239 3863 accepte
1250 3791 1280 3844 in
1290 3811 1363 3848 emm

291 3861 336 3933 qui
347 3861 424 3912 vitem
436 3860 514 3934 patri,
528 3859 643 3911 nondum
657 3861 736 3933 patei,
748 3882 803 3914 ser·
850 3883 982 3936 personam
1001 3866 1139 3919 transient.
1152 3867 1235 3940 Signo
1256 3869 1364 3925 interro·

291 3939 463 3992 voverit'ium
473 3959 526 3991 non
536 3959 587 3996 eise
598 3938 630 3991 ad
640 3938 705 3992 bene
713 3941 802 3993 viven·
852 3941 929 4010 gendi
939 3943 1084 3998 distinximt
1092 3945 1138 3998 isto
1147 3947 1225 4000 modo
1233 3949 1364 4002 medicum

293 4017 356 4070 dum
370 4017 429 4071 eatis
442 4017 519 4090 ipsius
530 4017 589 4069 vitte
607 4015 721 4083 donum3
747 4037 802 4071 non
850 4020 1005 4073 temuoerari
1017 4021 1075 4073 satie
1087 4033 1221 4094 uunquam
1233 4037 1330 4100 potero.

293 4097 370 4169 igitur
376 4110 471 4170 patrem
479 4093 586 4169 qnifilio
596 4096 671 4149 vitem
683 4097 803 4150 duntaxat
885 4119 908 4150 2.
920 4098 975 4151 Sed
981 4140 988 4166 ‚
1007 4103 1070 4153 vide
1084 4122 1122 4154 ne.
1134 4103 1251 4158 Fortasse
1265 4107 1362 4178 :quim

293 4174 399 4240 dederit,
408 4193 507 4227 eausam
519 4195 576 4228 vere
588 4173 695 4228 extitisse
705 4196 750 4228 eur
758 4173 803 4228 be·
850 4195 904 4228 rem
916 4177 1094 4244 aestimaveris,
1108 4192 1155 4234 ete.
1214 4241 1218 4250 ι
