2954 4926
302 445 367 534 ⁵7²
638 441 707 508 DE
732 441 1037 512 BENEFICIIS

301 571 402 636 ciam.
418 569 522 660 Quod
545 573 574 638 si
594 571 835 640 admonitionis
851 596 988 664 quoque
1006 573 1305 668 suggillat'ionem'
1322 577 1382 642 in-

302 689 407 780 gratis
420 689 642 768 remittimus,
658 691 834 783 segniores
845 688 890 757 ad
902 689 1077 759 reddenda
1090 692 1258 762 beneficia
1272 695 1380 762 iacie-
1461 707 1462 764 l

258 813 276 880 t
302 826 388 910 mus.
417 801 593 897 Quosdam
608 829 692 873 vero
706 805 874 874 sanabiles
887 809 995 898 etqui
1015 808 1091 874 lieri
1110 810 1191 877 boni
1210 825 1374 902 possunt,
1461 809 1462 830 ¹

300 920 328 986 si
347 918 432 1011 quid
451 921 528 988 illos
545 921 804 1002 momorderit²,
824 923 938 1014 perire
955 923 1126 1016 patiemur
1142 925 1379 992 admonitione

300 1037 453 1121 sublata,
476 1063 543 1130 qua
557 1055 592 1106 et
604 1055 702 1133 pater
715 1040 825 1108 filium
845 1040 1030 1132 aliquando
1049 1045 1216 1125 correxit,
1239 1059 1276 1112 et
1294 1069 1380 1112 uxor

300 1155 457 1222 maritum
475 1155 691 1250 aberrantem
714 1156 758 1224 ad
782 1183 818 1226 se
836 1158 991 1244 reduxit,
1013 1175 1049 1226 et
1064 1162 1193 1228 amicus
1206 1161 1377 1252 languen-

300 1286 368 1338 tem
386 1272 487 1339 amici
501 1271 605 1341 iidem
624 1275 744 1341 erexit.

349 1388 482 1455 XXIII.
504 1389 654 1480 Quidam
668 1407 708 1458 ut
721 1392 1002 1485 expergiscantur
1012 1383 1040 1476 ³,
1057 1417 1125 1460 nou
1138 1391 1303 1474 feriendi,
1316 1391 1376 1458 sed
1462 1393 1463 1408 ¹

299 1503 531 1572 commovendi
542 1501 645 1574 sunt⁴
658 1537 668 1592 ς
683 1507 801 1576 eodem
812 1508 912 1576 modo
922 1507 1146 1600 quorumdam
1157 1507 1203 1576 ad
1217 1508 1377 1576 releren-

300 1619 376 1688 dam
398 1623 540 1714 gratiam
560 1621 646 1690 lides
663 1646 732 1690 nou
749 1641 858 1722 cessat
869 1619 897 1709 ⁵,
917 1621 979 1692 sed
998 1624 1160 1718 languet,
1181 1625 1275 1693 bane
1292 1649 1375 1717 per-

298 1733 472 1802 vellamus.
494 1735 572 1802 Noli
591 1761 715 1806 munus
730 1753 825 1806 tuum
844 1739 881 1805 in
900 1738 1060 1830 injuriam
1077 1755 1225 1806 vertere.
1241 1738 1377 1830 Injmie

249 1859 252 1866 “
298 1865 350 1918 est
365 1851 479 1930 enim,
500 1852 529 1918 si
545 1853 580 1918 in
595 1851 660 1918 boc
675 1877 743 1919 uon
761 1855 910 1946 repetis,
930 1868 969 1921 ut
986 1854 1141 1947 ingratus
1158 1845 1259 1921 sim‘.
1277 1851 1376 1945 Quid

298 1969 327 2035 si
350 1969 492 2060 ignoro,
519 1967 604 2059 quid
628 1968 829 2037 desideres?
855 1969 940 2061 quid
959 1971 987 2038 si
1005 1970 1289 2064 occupationibus
1318 1969 1374 2038 di·
1420 2017 1423 2026 .

296 2084 451 2166 strictus,
468 2100 503 2152 et
522 2085 558 2151 in
574 2085 661 2152 alia⁷
679 2101 836 2168 vocatus,
857 2089 1067 2156 occasionem
1085 2111 1154 2156 non
1170 2087 1376 2156 observavi?

255 2241 271 2276 2
297 2199 436 2267 ostende
454 2201 538 2268 mihi
556 2201 640 2292 quid
666 2203 812 2296 possim,
833 2204 918 2295 quid
931 2204 1028 2271 velis.
1046 2204 1165 2295 Quare
1183 2201 1370 2295 desperas,

331 2451 353 2484 ι.
371 2432 598 2502 Sugffr'llationem.
613 2437 636 2486 A
652 2453 756 2506 corpore
772 2447 808 2485 est
857 2436 964 2506 quiescit
972 2437 1079 2490 omnino
1090 2437 1122 2490 ab
1132 2437 1373 2503 omnilebomuou

295 2514 653 2584 sumptumslmeepbgest
666 2525 726 2565 nota
738 2526 762 2563 et
773 2513 808 2564 li·
857 2514 965 2576 otiatur,
985 2515 1107 2580 feriatur,
1129 2513 1276 2568 desidiosus
1296 2515 1373 2568 sedet.

295 2613 341 2648 vor
356 2615 370 2646 e
382 2593 500 2658 verbere:
516 2596 678 2667 interpretare
688 2612 695 2646 :
705 2596 809 2666 testiga-
859 2592 940 2644 Cicer.
952 2593 984 2644 de
997 2594 1056 2644 Nat.
1068 2593 1147 2646 Deor.
1160 2591 1205 2644 lib.
1217 2591 1275 2654 ln.
1290 2613 1313 2645 c.
1321 2593 1372 2659 ³4:

294 2675 400 2728 tionem.
412 2674 489 2729 cont.
497 2676 598 2736 Noster,
610 2675 691 2746 Epist
702 2689 772 2740 ¹111,
785 2695 809 2727 a.
858 2667 987 2720 *cutim
995 2668 1088 2720 mullos
1094 2668 1163 2720 Deos
1170 2666 1372 2720 taureduibil

326 2774 352 2806 a.
370 2755 544 2807 Moenorderit
565 2773 578 2804 e
596 2751 671 2806 codd.
690 2753 762 2804 Pine.
784 2767 809 2805 et
857 2767 931 2818 agere
943 2747 1067 2819 patitur.»
1087 2747 1176 2800 Horat
1190 2745 1310 2799 Garmias.
1327 2746 1372 2800 lib.

294 2833 367 2885 Grut
379 2835 515 2904 repositum
525 2853 570 2904 pro
582 2831 650 2904 vulg.
662 2835 687 2882 si
696 2833 769 2900 quod
778 2835 807 2883 il·
857 2827 905 2888 lll,
914 2825 965 2877 Od.
974 2841 1035 2877 xlx:
1045 2847 1058 2872 ι
1068 2824 1372 2897 Cnrfletetyntbioesses·

293 2913 333 2962 los
343 2913 504 2962 remorderet.
855 2918 912 2958 saut
921 2903 1026 2956 llamiua
1037 2901 1125 2956 tibin?
1139 2902 1192 2956 Cur
1203 2901 1301 2974 pendet
1310 2903 1372 2956 teti·

326 2988 423 3041 xxm.
432 2988 680 3041 tracontinuasio
691 2987 804 3060 ejusdem
854 2997 878 3035 ta
891 2982 975 3035 fistula
987 3001 1046 3034 eum
1064 2978 1140 3053 lyra?
1154 3002 1167 3026 ιι
1185 2980 1224 3032 ld.
1244 2981 1292 3033 lib.
1313 2982 1372 3058 111l

294 3067 413 3121 materie.
426 3067 558 3134 Quosdam
569 3067 654 3136 aliquo
664 3067 741 3119 modo
751 3086 805 3117 ver·
853 3064 904 3115 Od.
917 3077 1003 3116 xxrttt
1014 3081 1022 3113 t
1032 3085 1046 3108 ι
1054 3061 1139 3113 Parcis
1149 3061 1266 3134 deripere
1278 3061 1370 3114 bomo

293 3145 804 3218 berendosuterpergiscsnturetmemo·
852 3145 997 3196 &mntem
1016 3141 1105 3194 Bibuli
1124 3141 1236 3194 consulis
1256 3141 1370 3214 ampbo-

294 3243 332 3275 res
340 3243 366 3275 se
376 3237 504 3296 praetem,
511 3224 633 3294 quosdam
644 3237 740 3275 tautam
748 3244 803 3296 per·
851 3240 914 3272 ram.
925 3244 937 3266 ι
949 3219 1049 3273 Eodem
1058 3232 1143 3272 tamen
1152 3239 1229 3271 sensu
1234 3235 1369 3272 neemeet

293 3303 433 3356 vellendos.
447 3303 597 3356 Cavendum
607 3304 675 3354 enim
686 3303 802 3375 inprimis
851 3307 966 3358 desinere
976 3303 1102 3356 interdum
1114 3314 1273 3363 occurrunt3
1286 3301 1368 3354 Grae.

294 3403 326 3434 ne
340 3394 363 3433 et
375 3381 529 3434 benefitium
541 3381 633 3444 simul,
648 3393 672 3432 et
692 3381 802 3432 amitam
851 3381 976 3434 καῦιοθω.
1000 3381 1093 3434 Catull.
1114 3380 1200 3432 sarm.
1220 3395 1301 3443 κω,
1321 3401 1368 3434 m.

294 3461 391 3533 perdes
856 3478 902 3522 ιι,
922 3479 967 3512 ta:
981 3458 1368 3512 «Pretereeinlestomisernm

327 3538 351 3589 3.
364 3539 402 3591 Ut
413 3543 635 3606 expergiscuntur.
653 3538 766 3610 Simplex
779 3551 804 3590 et
851 3555 893 3588 me
906 3537 1002 3589 tradere
1013 3539 1093 3590 amori
1106 3537 1166 3588 Non
1180 3535 1281 3588 massi
1291 3573 1300 3600 ,
1312 3555 1368 3586 om-

293 3615 369 3670 obvia
392 3621 510 3686 μιιιιφορέι
526 3633 532 3667 :
550 3637 609 3668 narn
631 3617 676 3688 qui
697 3618 759 3668 lenti
779 3629 805 3668 et
852 3615 929 3686 nique
940 3615 1081 3667 nauclere
1091 3614 1176 3666 modo.
1187 3635 1201 3658 ι·

293 3696 382 3748 inertia
391 3694 462 3766 quasi
476 3694 631 3767 consepulti,
650 3715 696 3748 nee
708 3697 804 3748 imme-
885 3693 910 3745 6.
923 3695 1078 3755 Iniuriam
1088 3697 1211 3744 enimffl..
1221 3695 1283 3743 sins.
1297 3690 1368 3762 laja-

293 3793 376 3826 ruores
390 3772 508 3826 benefitii
520 3786 590 3836 sunt,
605 3793 651 3825 nee
661 3775 802 3825 memoretis
851 3771 914 3822 riam
922 3770 986 3822 mibi
996 3771 1072 3822 all'ers
1083 3789 1136 3821 uon
1146 3768 1298 3840 repetendo:
1307 3788 1367 3820 nem

293 3851 407 3904 animum
436 3853 589 3914 ostendunt,
620 3853 802 3904 dormientium
851 3851 885 3904 ita
898 3851 1010 3924 ingratus
1025 3851 1073 3904 sim
1085 3869 1184 3902 neeesse
1200 3863 1251 3914 est,
1267 3851 1368 3902 nescius

293 3928 516 3983 dormitantiumve
528 3931 652 3982 simillimi
663 3931 789 3983 videntur.
850 3949 900 4000 qua
912 3931 939 3982 in
953 3950 980 3982 re
989 3930 1034 3982 tibi
1048 3942 1148 4002 ptum
1160 3929 1279 3981 animum
1291 3947 1368 4004 prus·

327 4012 350 4073 4.
361 4007 622 4062 commotisunt.
634 4009 702 4063 Gall
714 4023 801 4062 verte:
850 4021 902 4059 tare
922 4007 1024 4079 possim.
1042 4007 1128 4076 ltaque
1145 4026 1199 4058 non
1220 4007 1314 4079 repetis
1333 4026 1366 4057 eo

293 4111 306 4134 ι
318 4087 346 4138 ΙΙ
345 4089 413 4158 saut
421 4092 457 4140 les
468 4108 575 4140 recimer.
588 4111 600 4132 ι
850 4087 971 4150 consiliu,
984 4100 1011 4138 ut
1021 4087 1133 4158 ingratus
1141 4086 1197 4137 sim.

326 4169 347 4218 5.
367 4166 447 4218 Fides
466 4187 517 4218 uon
536 4178 625 4220 cessat.
649 4168 683 4220 H.
704 4187 724 4218 e.
747 4187 800 4218 non
885 4166 953 4230 plu
963 4169 1029 4218 ulia.
1038 4165 1146 4216 Munera
1158 4177 1183 4216 et
1193 4161 1292 4216 officia.
