2952 4938
401 470 494 538 mn.
522 467 620 556 v11,
647 469 754 539 etr.
781 469 848 537 tv,
1092 473 1159 543 oss

5 635 15 674 ε
87 589 174 673 Jure
197 601 289 671 civili
310 602 424 668 omnia
442 601 532 693 regis
552 612 655 667 sunt:
679 615 714 666 et
737 613 849 666 tamen
873 596 932 666 illa
959 623 1104 691 quorum
1121 601 1166 670 ad

5 753 14 792 :
89 744 208 814 regem
228 719 378 812 pertinet
395 718 554 786 universa
572 716 758 809 possessio,
778 716 815 782 in
838 714 989 809 singulos
1012 715 1166 787 dominos

8 880 14 897 .
89 825 283 930 descriptis¹
312 848 410 915 sunt,
435 849 469 901 et
497 855 710 925 unaqueque
732 855 788 899 res
812 831 917 900 habet
941 855 1166 926 possessorem

89 977 204 1022 suum.
222 954 342 1043 ltaque
356 948 438 1018 dare
453 951 527 1042 regi
541 963 576 1017 et
588 947 746 1033 domum,
762 962 797 1016 et
809 949 1034 1044 mancipium,
1051 967 1085 1020 et
1097 975 1165 1046 pe·
1189 978 1206 1031 3

4 1105 6 1144 ς
89 1071 228 1138 cuniam
256 1089 432 1162 possumus
454 1091 461 1133 :
486 1089 549 1134 nec
572 1065 701 1133 donare
718 1065 770 1132 illi
788 1063 831 1133 de
849 1089 910 1134 suo
930 1065 1087 1137 dicimur.
1109 1067 1166 1137 Ad

90 1207 192 1277 reges
209 1181 300 1249 enim
320 1194 466 1272 potestas
490 1179 639 1246 omnium
659 1179 831 1271 pertinet,
853 1179 898 1248 ad
915 1179 1067 1273 singulos
1082 1205 1164 1275 pro·

4 1349 6 1356 ·
91 1301 231 1393 pristas.
251 1296 355 1365 Fines'
374 1295 633 1363 Atheniensium
647 1310 707 1363 aut
720 1296 970 1387 Campanorum
985 1320 1161 1383 vocamus,

3 1471 8 1504 ,υ
93 1437 182 1505 quos
198 1411 324 1480 deinde
350 1411 493 1479 interae
511 1412 617 1479 vicini
638 1412 768 1504 privata
788 1412 1024 1481 terminatione
1042 1413 1166 1483 distinm

3 1587 5 1614 ἶ
89 1541 223 1618 guunt3
240 1540 274 1593 et
287 1540 376 1594 totus
387 1547 471 1616 ager
482 1523 585 1617 hujus
596 1539 656 1593 aut
668 1523 760 1593 illins
774 1524 1070 1619 reipublioaeest²:
1087 1551 1166 1622 pars

3 1703 5 1740 r
91 1642 1205 1740 deindesnodominoquoquecensetur3ideoquedonareagms4

94 1779 228 1831 nostros
242 1760 439 1854 reipublicae
456 1784 653 1853 possumus,
679 1762 833 1853 quamvis
846 1760 938 1830 illins
955 1785 1028 1832 esse
1047 1763 1167 1834 dioen-

91 1897 151 1949 tur
168 1908 175 1947 :
197 1881 278 1972 qnia
294 1879 395 1947 aliter
406 1877 499 1946 illins
516 1894 612 1961 sunt,
628 1877 728 1946 aliter
740 1879 819 1946 mei.
836 1877 1012 1972 Numquid
1024 1879 1166 1950 dubium

91 2011 163 2080 est,
180 1997 265 2087 quin
280 2017 398 2064 servus
414 2017 491 2062 cnm
504 1987 660 2087 peculio³
676 1992 804 2061 domini
819 1996 864 2063 sit
875 1997 890 2064 i
903 1996 961 2065 dat
974 2012 1087 2066 tamen
1100 1996 1165 2066 do-

92 2113 185 2181 mino
199 2135 260 2180 suo
273 2134 408 2180 munus.
425 2112 501 2178 Non
514 2109 606 2177 enim
620 2107 698 2178 ideo
711 2110 799 2180 nihil
813 2111 917 2181 habet
928 2137 1067 2196 semus,
1084 2115 1166 2207 quia

92 2251 163 2296 non
173 2243 225 2296 est
236 2226 417 2296 habiturus
425 2273 437 2310 ,
451 2225 480 2293 si
493 2223 650 2295 dominus
663 2226 759 2294 illum
770 2226 899 2296 habere
912 2229 1063 2298 noluerit
1076 2256 1084 2296 :
1100 2253 1166 2298 neo
1231 2281 1235 2290 .

91 2346 171 2414 ideo
184 2369 253 2414 non
266 2359 318 2412 est
329 2367 466 2426 munus,
480 2365 585 2434 quum
597 2343 713 2412 volens
725 2340 832 2428 dedit,
845 2347 925 2438 qula
938 2348 1049 2440 potuit
1059 2348 1162 2442 eripi,

92 2463 224 2531 etiamsi
233 2462 408 2530 noluisset.
421 2453 732 2552 Quemadmodum⁴
744 2460 927 2553 probemus
935 2465 1048 2532 omnia
1058 2465 1165 2554 (nune
1189 2477 1205 2530 5

91 2581 183 2648 enim
196 2579 309 2647 omnia
321 2577 483 2670 sapientis
496 2599 583 2659 esse,
596 2575 687 2644 inter
695 2599 757 2644 nos
768 2574 962 2672 convenit),
974 2579 1059 2648 illud
1072 2580 1166 2673 quod

91 2695 259 2788 queritur
271 2690 500 2788 colligendum
517 2705 587 2778 est,
608 2688 776 2782 quomodo
792 2690 1006 2761 liberalitatis
1023 2697 1165 2764 materia

91 2927 146 2964 esee
157 2918 238 2980 potest
253 2904 358 2969 tillim,
373 2903 496 2975 quonum
514 2903 602 2956 omnis
651 2903 704 2972 ejus
716 2917 768 2970 est,
781 2903 885 2958 dominc
897 2905 1050 2962 connivente
1060 2919 1086 2960 et
1093 2927 1163 2962 more

90 2992 146 3064 ejus
162 2999 240 3053 sant,
266 3000 388 3058 qnatenus
404 2997 488 3038 tamen
501 2985 603 3058 cogite-
651 2983 1163 3062 serente.Adesservivicsriiersntinpe·

89 3071 163 3122 tione
175 3079 200 3118 et
209 3079 294 3119 mente
306 3064 482 3120 tantummodo
496 3064 601 3130 stains,
651 3060 718 3113 sulio
726 3061 792 3114 se'rvi
799 3098 807 3126 ,
817 3061 868 3132 jem
875 3059 978 3114 Catonis
985 3063 1088 3134 majoris
1097 3056 1174 3117 eros

89 3144 185 3217 liujus,
214 3155 337 3214 quatenns
366 3141 425 3214 ipsis
451 3159 602 3212 quocunqne
683 3139 708 3204 4.
723 3136 975 3209 Quemadmdum,
991 3153 1037 3195 etc.
1048 3142 1158 3198 Sensus:

90 3221 171 3274 modo
183 3220 270 3272 utitur.
651 3217 873 3284 quemadmodum
890 3216 939 3270 hoc
954 3219 1041 3272 omnis
1057 3240 1091 3274 se.
1109 3241 1163 3274 esse

127 3295 306 3367 1.Descrr'pta,
319 3293 602 3368 distributa‚aesignets.
650 3293 769 3367 sepientis
777 3313 824 3366 ego
833 3313 861 3346 ac
870 3308 906 3359 tn,
915 3295 1055 3366 probemus,
1063 3298 1108 3352 i.e.
1116 3321 1162 3373 pro

125 3397 149 3428 s.
162 3375 201 3428 Ee
212 3383 282 3432 lotus
297 3393 361 3446 ager
370 3375 450 3442 liujus
462 3387 511 3426 ant
527 3376 601 3426 illius
652 3371 777 3445 explorato
783 3386 809 3425 et
814 3386 881 3426 certo
890 3373 982 3427 haltere
990 3376 1120 3445 debemus,
1128 3378 1163 3431 ite

87 3452 603 3524 reipnhllcoeest.ConjectsneurnestEras-
651 3451 720 3502 t'llnd
729 3449 761 3502 de
774 3469 825 3520 quo
836 3452 989 3521 quaerimus,
1001 3453 1161 3529 colligemus,
1218 3492 1220 3498 ,

88 3531 143 3598 sni,
153 3530 222 3602 qnod
235 3530 262 3582 in
274 3543 366 3583 textum
376 3529 469 3602 recepit
480 3530 603 3584 Muretus.
651 3526 669 3580 i.
682 3547 703 3579 c.
717 3528 835 3602 exemplis
845 3531 1009 3600 sequentibus
1023 3534 1162 3586 constitue-

88 3611 174 3660 Antes
186 3618 228 3661 :et
237 3617 306 3660 totus
317 3625 380 3677 ager
390 3617 439 3658 aut
451 3608 530 3660 ullius
547 3611 603 3660 rei-
646 3623 723 3668 xmus,
736 3625 836 3658 necesse
848 3619 884 3658 est
895 3625 945 3662 :sn
959 3611 1103 3679 quomodo,
1115 3625 1162 3666 etc.

84 3687 201 3754 publicu
213 3695 267 3752 est,
281 3684 412 3756 quomodo
422 3697 446 3736 et
457 3683 530 3738 codd.
541 3685 603 3738 Nan.
653 3682 828 3747 (Crediderim
848 3698 904 3756 post
916 3687 1055 3754 prohemus
1071 3693 1162 3743 omnia

87 3783 120 3816 ac
134 3761 189 3816 cot.
206 3765 296 3817 :itlius
309 3774 357 3816 aut
373 3765 447 3836 illius
463 3783 484 3814 r.
504 3782 525 3815 e·
537 3783 603 3816 unus
650 3761 740 3834 scripta
751 3762 960 3832 luisseeapt'enlt‘s
971 3783 1036 3832 esee,
1046 3769 1162 3837 quaeser-

88 3841 149 3895 cod.
170 3841 220 3916 pal.
237 3840 345 3894 habebat
364 3857 372 3893 t
388 3841 469 3894 Codd.
483 3840 602 3893 Pincieni
649 3857 695 3890 san
716 3837 876 3892 librariorum
908 3861 991 3894 errore
1015 3843 1161 3897 exciderunt

86 3924 299 3996 aperuerimus
319 3939 341 3972 r.
357 3940 378 3974 e.
395 3919 481 3973 Facile
494 3919 554 3973 ltine
568 3931 605 3972 eet
649 3929 749 3990 propter
775 3931 922 3988 sequentem
950 3921 1157 3993 repetitionem.)

86 4002 194 4067 cidere,
216 4003 243 4054 eli
257 4001 333 4065 husus
350 4021 409 4054 casu
423 4001 544 4054 excidisse
557 4038 566 4066 ,
578 4013 606 4052 et
650 3996 705 4048 Hac
717 3995 921 4069 interpretatione
938 3998 1067 4068 admisse,
1088 4001 1159 4054 nulla

85 4080 224 4132 Enetum
237 4098 291 4131 rem
302 4099 349 4132 acu
362 4078 478 4149 tetigisse.
649 4074 794 4146 trajectione
817 4088 859 4128 eut
882 4077 1058 4129 emendatione
1080 4077 1159 4151 Lipeii

125 4159 148 4211 3.
160 4159 276 4222 Perelio,
288 4158 357 4230 qnod
368 4177 453 4210 servus
463 4156 540 4210 veles
548 4156 602 4210 dia·
650 4154 826 4225 Gronoriique
836 4156 896 4228 ,qui
907 4155 991 4209 locum
1003 4177 1048 4229 pro
1058 4159 1157 4212 concle-

85 4235 129 4288 rio
141 4235 291 4308 comparsit,
311 4237 351 4292 rel
366 4237 436 4290 dono
453 4237 553 4309 accepit.
572 4236 601 4290 ld
649 4247 716 4288 mato
729 4233 872 4304 habebant,
889 4255 950 4308 opus
971 4255 1022 4290 csse
1040 4236 1155 4290 videtur:
