2952 4938
369 472 465 542 nte.
495 473 592 559 vn,
619 473 729 542 cnr.
755 473 862 540 rvr.
1096 477 1160 570 ⁶7³

84 609 203 676 Setius
215 607 307 673 enim
325 618 429 672 erata
444 604 561 695 paneis
574 604 676 671 etiam
689 604 814 696 justam
833 607 1081 674 excusationem
1095 629 1163 676 non

85 723 220 814 accipi,
242 745 342 812 quam
359 719 403 789 ab
422 720 580 788 omnibus
592 719 740 812 aliquam
754 722 891 788 tentari.
913 721 1038 790 Omnia
1057 721 1165 792 fecisti

86 855 128 906 ut
138 838 314 906 redderes.
327 839 400 906 Hoc
411 836 482 904 itti¹
499 838 582 906 satis
594 838 638 904 eit
654 863 662 903 :
680 837 743 904 tibi
757 861 891 931 parum.
905 841 990 907 Nam
1004 841 1169 932 quemad·

89 957 229 1024 modum
248 953 307 1023 itte
318 1005 328 1038 ,
348 956 375 1022 si
391 955 524 1022 enixam
543 970 576 1023 et
601 952 751 1022 sedulum
780 978 919 1048 operum
942 958 1088 1025 transire
1104 982 1167 1052 pro

90 1072 212 1139 irrita²
230 1069 369 1163 patitur,
390 1069 444 1136 eui
468 1068 577 1162 gmtie
591 1067 773 1160 ¹referatur
792 1065 955 1160 indignus
974 1085 1025 1138 est
1043 1097 1050 1137 :
1068 1072 1113 1138 ita
1131 1091 1169 1140 tu

91 1187 249 1278 ingratus
273 1206 328 1264 es,
355 1181 421 1248 nisi
449 1182 503 1264 ei,
526 1183 586 1272 qui
603 1181 809 1250 voluntatem
828 1182 949 1252 bonam
970 1185 1168 1254 insolutum

91 1301 247 1393 aceepit,
268 1321 309 1365 eo
326 1296 490 1366 libentius
507 1295 634 1379 debes,
656 1298 736 1390 quia
755 1295 948 1366 dimitteris.
964 1301 1040 1368 Non
1056 1302 1169 1394 rapias
1196 1329 1211 1393 4

90 1418 161 1485 hoe
169 1466 181 1497 ,
193 1438 256 1482 nee
266 1404 421 1482 testeris⁵
438 1439 446 1481 ι
462 1413 656 1481 occasiones
669 1413 836 1482 reddendi
845 1415 1072 1502 nihilominus¹
1080 1444 1170 1510 quae-

96 1557 164 1602 ras.
184 1530 303 1600 Redde
321 1529 390 1612 itti,
412 1530 495 1626 quia
518 1530 664 1622 repetit3
686 1529 769 1616 huie
780 1565 799 1612 ,⁴
813 1533 894 1622 quiu
911 1533 1053 1602 remittit
1070 1561 1077 1600 :
1094 1535 1168 1622 illi,

93 1650 177 1742 quia
206 1645 347 1732 melus3-
365 1645 469 1726 huie,
495 1646 577 1736 qnia
601 1669 670 1712 non
696 1645 815 1714 malus.
847 1647 996 1740 Ideoque
1013 1673 1082 1720 uon
1099 1668 1169 1739 est,

95 1765 189 1860 quod
203 1764 248 1832 ed
262 1779 295 1831 te
312 1763 402 1832 hane
416 1763 637 1854 quaestionem
646 1761 782 1856 judiees
790 1767 985 1858 pertinere:
1001 1792 1063 1854 an,
1080 1770 1174 1862 quod

94 1882 302 1952 beneficium
316 1881 393 1971 quis
410 1903 430 1946 a
444 1879 595 1972 sapiente
615 1881 807 1970 acceperit,
824 1879 969 1950 reddere
988 1882 1131 1972 debeat,
1145 1890 1173 1953 si

95 1997 159 2067 ille
176 1996 278 2065 desiit
294 2019 367 2064 esee
387 1996 543 2088 sepiens,
565 2009 598 2062 et
619 1995 656 2062 in
679 1994 805 2092 malum
828 2020 946 2066 versus
970 1991 1058 2067 est⁴.
1079 2001 1175 2068 Red-
1201 2030 1215 2078 5

97 2114 199 2183 deres
217 2113 308 2180 enim
331 2126 365 2180 et
391 2109 578 2203 depositum
594 2109 724 2211 „quod
747 2134 768 2178 a
786 2113 938 2204 sapiente
957 2116 1144 2208 accepisses
1162 2144 1170 2186 :

98 2247 135 2298 et
152 2230 253 2296 etiam
274 2227 361 2296 malo
380 2225 544 2295 redderes
560 2224 726 2298 creditum
745 2253 752 2292 :
770 2226 855 2320 quid
878 2243 948 2312 est,
974 2254 1037 2298 cur
1055 2255 1123 2298 nou
1141 2249 1176 2299 et

15 2334 18 2338 ⁴
98 2346 308 2414 beneficium
318 2339 356 2412 ⁵?
370 2343 462 2436 Quia
475 2357 624 2410 mutatus
640 2357 692 2410 est
712 2341 771 2412 itte
782 2393 796 2438 ,
818 2359 850 2412 te
865 2342 998 2414 mutat?
1011 2345 1133 2438 Quid?
1146 2351 1175 2416 si

100 2439 188 2556 quid
201 2487 221 2530 e
235 2485 316 2560 sano
338 2460 544 2553 accepisset,
569 2483 661 2552 aegro
685 2483 754 2526 non
776 2459 961 2531 redderes:
982 2487 1085 2554 quum
1100 2465 1177 2556 plus

100 2601 237 2670 semper
249 2576 420 2646 imbecillo
430 2577 537 2644 amieo
548 2573 732 2667 ,debepmps
741 2578 800 2651 Pet
811 2577 868 2652 hie
881 2601 973 2670 eger
981 2595 1032 2646 est
1043 2580 1174 2647 auimo:

101 2855 161 2888 rum
173 2835 237 2888 henr
251 2833 385 2900 duritiem,
398 2852 455 2904 qua
466 2833 616 2905 antiquioris
666 2855 724 2888 vere
731 2833 870 2888 reddideris
879 2835 1031 2890 heneficium
1042 2850 1179 2913 eeceptum.

103 2915 183 2967 moris
198 2913 289 2975 fuerit,
307 2911 443 2986 probasse:
457 2911 549 2964 dorent
567 2910 616 2963 hoe
699 2915 722 2980 4.
736 2913 769 2966 Si
776 2915 822 2965 r'lle
832 2917 931 2967 desiit...
942 2923 988 2968 est.
999 2915 1179 2988 Mirerisquod

102 2991 347 3066 fragmenteherum
362 2989 558 3062 legum'fabule
577 2989 617 3042 111
667 2990 699 3042 de
721 3009 767 3042 suo
787 2992 898 3064 sapiente
921 2992 986 3046 hene
1011 2994 1179 3048 mutationem

103 3073 283 3146 expositarum,
294 3083 319 3122 et
327 3068 439 3124 conditio
451 3069 543 3121 misere
551 3068 618 3122 obn·
666 3068 786 3144 suspicari
796 3069 923 3143 potuerint
934 3071 1022 3136 Stoici,
1031 3093 1112 3143 quum
1121 3093 1179 3126 eum

104 3165 217 3204 rator-um
234 3163 258 3203 et
268 3165 409 3212 uexerunt,
425 3146 508 3201 donee
523 3147 618 3200 sensim
667 3143 969 3219 temenperfeetissimum
976 3167 1027 3200 esse
1039 3149 1178 3214 crederent,

104 3229 277 3301 mitigaretur,
297 3226 407 3298 primum
430 3225 486 3296 iege
506 3223 619 3277 Poetelio
668 3221 767 3294 deoque
779 3238 881 3296 parem
892 3223 993 3277 ete-sed
1003 3225 1120 3279 observes
1133 3247 1181 3280 ne-

104 3308 237 3382 Pepir'ne.
245 3307 278 3358 U.
290 3309 346 3373 427.
357 3303 452 3357 Mansit
459 3317 543 3357 temen
552 3303 620 3377 prin·
663 3319 736 3353 eesse
747 3313 783 3352 est
792 3302 941 3366 ,severioris
951 3303 1059 3375 ideoque
1071 3305 1180 3378 purioris

105 3386 220 3459 cipiunt.
243 3383 313 3453 euius
339 3383 435 3434 Seneca
448 3381 618 3434 'mentionem
669 3381 738 3433 Stooe
758 3380 841 3435 -heue‘
855 3382 1021 3452 questionem
1047 3403 1179 3454 nunquam

3 3497 4 3502 =
105 3465 173 3518 feeit.
194 3460 379 3516 etttetneceti
398 3459 486 3531 tneiq.
505 3479 569 3512 rom.
585 3461 618 3514 ed
664 3457 1181 3538 fuisse,neeesss'potuisse,nisidogma

4 3577 5 3580 =
106 3541 315 3608 tmrit.111,30.
667 3537 785 3590 suurnde
802 3536 913 3610 sepiente
932 3539 1117 3593 arctissimum
1132 3542 1181 3615 ipsi

144 3641 165 3673 r.
180 3621 232 3674 Illi
239 3660 246 3686 ,
257 3619 301 3691 qui
312 3617 463 3672 beneficium
474 3617 580 3670 dederit.
668 3613 810 3667 subvertere
821 3615 959 3670 vetuerint.
968 3617 1021 3669 Sed
1036 3618 1068 3670 eit
1080 3619 1124 3672 itta
1143 3639 1182 3672 se·

141 3698 304 3751 =.Irn'tn.1.
322 3717 345 3750 e.
362 3693 490 3770 pronuiie
510 3707 552 3746 eut
566 3696 620 3746 fru·
668 3693 770 3746 r'eritrte
792 3693 905 3746 Zenonis
930 3694 1089 3766 aliorumque
1114 3697 1182 3752 Stoae

107 3775 224 3830 stratoris
236 3791 242 3826 t
256 3773 321 3826 nihil
333 3773 359 3825 ei
368 3771 504 3844 adscribit,
518 3783 560 3824 eut
575 3771 619 3822 tri·
669 3771 774 3831 heroum
783 3771 876 3824 sensim
884 3772 1003 3826 defecisse
1015 3787 1182 3828 oonrtetnon·

107 3855 212 3908 baieL.
392 3857 393 3862 ’
667 3847 893 3921 nulius,iuprimis
900 3849 1041 3914 Penatium
1050 3851 1179 3922 aliosque,

2 3953 6 3980 ι
110 3956 113 3967 ›
143 3933 167 3985 3.
182 3933 243 3984 Nan
260 3931 350 4001 ruptas
367 3929 429 3995 hoc,
453 3948 497 3983 neo
512 3931 619 3981 tester-ir.
670 3924 894 3993 quosreeeutioris
912 3925 980 3979 Stote
995 3926 1099 3981 asseclas
1117 3939 1183 3981 reete

108 4007 171 4062 Noli
190 4009 255 4082 justo
276 4007 391 4082 cupidius
402 4019 426 4058 te
444 4004 577 4059 liberetum
588 4004 621 4060 eh
670 4001 993 4080 vomeris,heudpaneee
1004 4003 1184 4060 doetrinarlio·

3 4113 7 4138 t
110 4088 183 4140 omni
200 4087 280 4162 gratie
296 4085 429 4139 referende
441 4097 542 4157 putere,
556 4072 622 4134 able·
671 4099 726 4132 rum
739 4078 948 4152 philosophorum
955 4079 1183 4137 sibimeimilentes

3 4217 4 4220 ,
108 4165 399 4238 temqueliheretionem
413 4163 623 4236 arriperetu-
706 4157 1184 4232 5.Qra'dest,curnonetdeneficivm?

108 4256 158 4298 stes
174 4244 226 4316 ejus
242 4243 278 4296 eei
290 4242 430 4304 advertere,
444 4239 549 4312 perinde
562 4257 590 4290 ee
601 4237 624 4290 si
674 4239 740 4306 Qut
751 4252 824 4290 eeuee
839 4251 939 4291 est-eur
951 4237 1020 4304 rton',
1038 4253 1069 4292 ut
1080 4241 1186 4316 deposi÷

282 4339 326 4406 11.
1014 4332 1060 4418 43
