2978 4942
373 501 472 569 LIB.
499 495 577 587 IV,
603 497 713 568 CAP.
738 493 938 565 XXXIX.
1135 488 1204 566 523.

122 635 221 727 genti
234 636 242 668 ¹
255 630 388 702 denarii
402 647 482 702 sunt
496 657 505 698 e
519 629 619 714 illud,
639 627 733 722 quod
744 625 813 696 dici
826 625 925 712 solet,
941 620 1106 692 inmorbo
1116 643 1201 690 con·

121 755 285 819 sumst²t
308 750 374 819 fuit
391 740 512 834 tunti³,
532 773 603 817 non
619 769 780 818 revocare
792 744 995 839 promissum
1013 761 1124 809 suum.
1137 734 1201 806 sd

123 889 259 934 coensm
278 866 360 960 quia
373 865 534 960 promisi,
552 863 609 931 ibo
619 913 631 948 ,
653 861 911 954 etiameilrigos
928 857 996 926 erit
1011 883 1020 924 ι
1038 853 1200 944 nunqui-

122 981 223 1063 dem,
249 982 278 1050 si
306 983 402 1050 nives
421 979 556 1052 cadent.
579 981 725 1074 Surgam
737 972 792 1046 ud
812 974 1005 1070 sponsalia,
1020 970 1101 1064 quie
1118 992 1201 1064 pm-

122 1100 226 1181 misi,
255 1097 409 1192 quemme
431 1121 501 1170 uon
522 1083 734 1166 concoxerim
753 1121 762 1162 ι
780 1093 950 1176 sednon,
978 1090 1008 1159 si
1026 1086 1202 1158 febricita-

120 1237 220 1283 vcro.
244 1216 412 1308 Sponsum
434 1206 678 1294 descendum⁴,
706 1207 955 1303 quiu=promisi
974 1232 982 1274 :
1002 1202 1152 1274 sednon
1170 1202 1199 1274 si

122 1335 295 1431 spondere
312 1339 350 1406 in
369 1327 560 1406 incertum⁵
578 1333 742 1428 jubebis,
763 1334 793 1401 si
810 1322 916 1402 lisco⁶
931 1326 1111 1423 obligabis.
1130 1327 1198 1395 Su·
1226 1339 1243 1392 3

121 1456 221 1540 best,
242 1457 403 1548 inquam,
423 1455 526 1523 tacito
544 1452 721 1545 exceptio,
740 1450 769 1518 si
788 1463 938 1544 potero,
949 1447 979 1516 si
996 1441 1150 1527 debebo,
1170 1443 1200 1512 si

120 1574 200 1642 haec
215 1574 264 1642 itu
276 1571 531 1654 eruntbffiee,
549 1585 588 1638 ut
602 1567 695 1638 idem
713 1581 819 1636 status
835 1566 899 1647 sit,
913 1587 1021 1656 quum
1033 1560 1195 1654 cxiffl‘tur,

121 1691 187 1782 qui
204 1690 270 1759 fuit
289 1714 396 1784 quum
414 1688 661 1783 promitterem.
679 1683 876 1752 Destituere
894 1680 1014 1750 levitas
1026 1702 1096 1747 non
1110 1675 1176 1748 erit
1186 1725 1197 1760 ,

121 1807 153 1873 si
173 1805 306 1898 aliquid
321 1805 506 1874 intervenit
522 1803 622 1888 novi,
644 1798 729 1892 quid
746 1799 904 1881 miraris,
926 1821 1033 1890 quum
1049 1792 1201 1864 conditio

124 1921 357 2014 promittentis
371 1935 498 1988 mutate
512 1921 578 2002 sit,
595 1932 760 1987 mumtum
777 1939 851 1985 csse
865 1913 1043 1984 consilium
1054 1912 1069 1982 i
1082 1907 1200 1980 eedem

35 2051 38 2056 '
121 2038 212 2106 mibi
229 2040 342 2108 omnia
359 2053 506 2135 praests:
526 2051 562 2105 et
577 2032 669 2104 idom
685 2031 1045 2102 sum-Vadimonium⁷
1060 2027 1202 2122 promit-

120 2287 229 2344 qnoqus
245 2272 276 2325 ds
292 2271 458 2335 debitoribus,
472 2290 582 2343 quorum
591 2269 638 2324 bo-
686 2267 818 2342 itnpendio
831 2288 914 2322 emere
926 2265 1004 2320 debui
1017 2263 1136 2339 promissi
1146 2265 1201 2319 snei

122 2351 214 2404 assub
222 2351 324 2405 titulum
332 2351 409 2408 ivere.
420 2351 460 2404 cf.
471 2350 571 2416 stll,
580 2349 604 2402 3.
687 2347 773 2427 fidem.

160 2448 183 2482 s.
209 2429 366 2502 Quingenti,
396 2442 442 2482 etc.
467 2429 498 2482 ln
519 2428 638 2502 Lipsisns
721 2431 744 2494 4.
753 2425 924 2482 vescendam.
935 2426 978 2481 sd
986 2424 1201 2500 spondendumiu

122 2520 148 2560 st
160 2505 287 2580 plerisque
305 2505 364 2561 edd.
377 2518 413 2559 est
428 2517 551 2580 puuctum
565 2517 638 2579 post:
688 2507 771 2561 iorum
784 2519 809 2560 et
820 2507 853 2561 sd
865 2505 987 2560 tribunal.
1003 2505 1043 2558 Cf.
1058 2504 1094 2558 sd
1110 2503 1150 2558 111
1170 2502 1202 2557 ds

127 2583 277 2656 Quingenti
287 2587 391 2639 denarii
401 2595 469 2639 sunl.
482 2584 558 2639 Solus
568 2583 640 2636 Rus
689 2585 779 2646 Beuel'.
793 2607 839 2656 27,
853 2606 877 2639 s.

120 2663 192 2734 Ιωρ]
204 2662 276 2736 ponit
295 2664 472 2720 tantummodo
495 2662 639 2735 virgulam
723 2667 790 2718 5.1n
808 2667 942 2719 incertum,
960 2663 1067 2716 Summa
1085 2669 1201 2714 uon'ex-
1307 2724 1309 2730 Ι

121 2740 370 2812 sed,contraeuum
384 2740 642 2809 rnorem,nibilmo-
691 2761 781 2812 presse.
1080 2743 1083 2752 ’

121 2817 641 2893 nennNosiutsrpunctionempaulorum·
722 2816 876 2875 triscolo
885 2816 1201 2873 liscumreditusinfluxis-

120 2896 254 2959 terimus,
267 2917 320 2971 quo
338 2898 462 2950 sententia
469 2934 478 2969 ,
494 2916 541 2972 per
552 2916 578 2950 se
592 2896 640 2949 im·
689 2919 730 2966 ss,
742 2900 787 2971 qui
797 2919 826 2952 ex
836 2898 936 2954 tributis
944 2899 1133 2974 provinciarum
1143 2897 1201 2952 Gn·

122 2976 220 3050 pedite,
229 2977 311 3050 magis
323 2978 452 3052 perspicua
462 2979 535 3031 foret.
545 2976 640 3030 Sensus
689 2979 751 3031 uris
761 2985 895 3030 manarent
902 2989 926 3029 et
936 2977 968 3030 sd
979 2978 1202 3052 imperatoresper·

123 3066 181 3108 est:
198 3053 343 3124 Quingenti
352 3055 530 3109 tantummodo
542 3054 641 3108 denarii
690 3055 816 3121 ῑίηετεηῑ,
829 3067 933 3110 constet.
946 3054 986 3107 Cl.
999 3055 1132 3108 Heineccii
1145 3058 1201 3108 An-

121 3131 255 3204 pendendi
266 3141 328 3184 suut
336 3151 345 3185 .·
354 3135 425 3185 illud
434 3132 512 3199 (hsnc
525 3131 641 3205 pecnnia
687 3131 734 3201 riq.
746 3150 810 3183 rom.
821 3133 851 3199 l,
865 3133 914 3198 25,
927 3133 973 3186 toli
980 3151 1017 3204 sq.

121 3212 270 3274 summam)
283 3209 354 3262 Zeno
366 3250 374 3278 ,
386 3227 433 3262 seu
444 3210 529 3280 quiris
542 3229 641 3263 consu-
723 3231 745 3277 7.
757 3207 950 3262 Vadimonium
955 3211 1134 3276 promittimus
1142 3224 1152 3272 ,¹
1161 3219 1202 3261 ta·

121 3297 198 3352 mot,
219 3300 378 3340 consumeret
397 3291 424 3340 in
443 3287 548 3352 morlo,
569 3289 642 3356 quod
688 3307 747 3341 mers
766 3290 861 3343 deseris
876 3307 883 3338 r
896 3307 948 3340 uon
966 3291 995 3340 in
1011 3305 1101 3339 omnes
1121 3289 1203 3340 datur

123 3367 135 3434 (
146 3363 214 3418 to'tae'
220 3365 332 3439 phrasis,
345 3368 476 3442 proverbii
493 3369 573 3436 loco)
588 3370 643 3420 dici
688 3368 756 3418 actio
766 3367 913 3418 desereules.
925 3365 999 3418 Hanc
1009 3364 1143 3418 lectionem
1154 3385 1201 3440 ope

121 3445 205 3510 solet,
216 3454 245 3494 nt
258 3443 309 3496 dici
320 3445 390 3498 solet.
688 3444 744 3496 cod.
762 3442 825 3496 Nes.
840 3443 949 3512 reposui.
964 3441 1015 3496 llic
1027 3443 1120 3509 codex,
1131 3444 1203 3514 cujus

158 3542 183 3573 2.
193 3521 230 3572 In
246 3523 337 3574 morbo
353 3534 497 3576 consuunt.
516 3523 637 3577 Morbum
687 3520 770 3592 apices
783 3520 879 3594 singuli
892 3558 899 3586 ,
913 3520 948 3572 ait
960 3520 1041 3574 Gron.
1056 3521 1203 3574 considera-

122 3596 178 3651 dici
189 3596 219 3650 de
230 3599 320 3670 quovis
330 3601 411 3654 animi
419 3602 482 3655 vitio
491 3615 581 3655 notum
592 3617 638 3670 est,
687 3600 755 3652 tione
774 3599 846 3674 digni
858 3613 933 3667 suut,
946 3621 1003 3653 cum
1016 3613 1123 3670 quatuor
1144 3601 1202 3656 eliis

122 3677 235 3749 ideoque
253 3679 329 3731 etism
352 3680 383 3732 de
400 3680 509 3735 libidine
527 3683 638 3752 quadam
687 3681 763 3734 dsbst
776 3683 887 3746 deserit,
900 3680 969 3734 unde
986 3681 1102 3735 Gronov.
1115 3683 1176 3735 iecit
1194 3700 1201 3734 ε

121 3755 251 3828 singulari
267 3757 347 3809 animi
361 3758 409 3812 zei.
425 3760 473 3833 Ep.
486 3761 555 3827 vlt,
583 3779 592 3812 r
612 3773 636 3814 et
690 3762 791 3812 deserti.
802 3759 1040 3832 Simpliciorsutsm
1056 3759 1201 3814 emendatio

122 3833 306 3888 lllitsthsrlich.
317 3834 350 3888 sd
358 3836 448 3890 Horat.
458 3839 543 3891 Germ.
554 3840 581 3905 l,
592 3839 635 3908 37,
684 3837 750 3890 mibi
761 3857 814 3891 esse
824 3837 957 3891 videbatur
966 3855 972 3891 :
981 3840 1086 3890 deseris.
1098 3837 1200 3891 Antea:

127 3931 166 3966 ro.
184 3911 303 3984 Inprimis
321 3912 371 3967 buc
384 3915 492 3986 pertinet
503 3915 581 3990 Epist.
593 3935 639 3988 79,
689 3917 721 3968 V
717 3917 761 3968 ad.
766 3935 851 3984 prom.
861 3926 948 3968 tamen
960 3916 1102 3967 deseritur:
1111 3935 1163 3967 uon
1172 3919 1202 3969 ic

121 3991 148 4057 4.
174 3988 296 4046 Concedo
316 4005 401 4045 tamen
413 4031 421 4056 ,
446 3995 513 4047 sumi
537 4015 639 4066 quoquc
687 4013 776 4048 omnes
790 3997 1141 4056 daturactio,·deserm!em
1158 3999 1201 4049 vis

121 4067 225 4141 proprie
238 4087 306 4139 posse
318 4069 562 4144 deimpsuss,qusm
573 4092 640 4126 mora
687 4077 780 4142 major,
800 4085 845 4125 etc.
864 4073 924 4135 Jsm
944 4071 1044 4144 Lipsius
1060 4073 1202 4126 deseremes

122 4147 172 4198 bus
186 4147 297 4220 corporis
308 4167 392 4202 creare
404 4150 475 4202 solet.
688 4150 745 4214 dat,
759 4169 837 4220 quum
855 4169 943 4203 vocem
955 4149 987 4201 sd
998 4169 1086 4202 omnes
1096 4149 1200 4216 retulit,

161 4223 183 4280 l·
192 4223 258 4278 Fuit
266 4229 340 4278 tanti
351 4226 432 4297 Quasi
444 4225 511 4282 diest
523 4245 529 4280 :
541 4227 581 4281 vel
590 4229 639 4294 huc
688 4243 752 4295 recte
761 4230 848 4302 legens
856 4250 885 4284 sc
896 4229 1059 4302 distinguens.
