2990 4942
514 437 686 508 CAPUT
711 442 802 512 XII.
1144 465 1186 544 83

123 563 195 617 tum
215 557 397 651 praeceptis
417 564 617 657 sapientum.
640 571 790 642 Primum
809 578 945 670 aspice,
971 601 1098 676 quanto
1120 609 1191 661 ma·-

118 665 177 756 jor
199 693 282 760 pars
305 675 349 741 sit
371 701 580 772 pauperum,
617 708 702 775 quos
729 687 838 759 nihilo
865 696 998 768 notabis
1026 706 1191 778 tristiores

124 782 409 884 sollicitioresque
436 792 598 866 divitibus
624 803 756 873 :immo
782 812 895 879 nescio
918 837 962 882 an
981 840 1022 887 eo
1046 821 1192 896 laetiores

123 899 209 982 siut,
230 927 300 994 quo
314 908 446 978 animus
461 935 576 982 eorum
590 917 626 985 in
638 921 798 1011 pauciora
815 925 1043 1025 distringitur.
1060 940 1191 1012 Trans-

122 1039 241 1085 eamus
250 1043 271 1086 a
284 1026 492 1117 pauperibus
504 1057 513 1114 ς
525 1033 699 1104 veniamus
708 1037 753 1105 ad
762 1039 963 1137 locupletes:
978 1060 1192 1144 quammulta

121 1147 204 1198 sunt
229 1149 382 1230 tempora
403 1142 527 1232 quibus
544 1152 751 1243 pauperibus
769 1158 895 1230 similes
916 1184 995 1254 sunt
1009 1171 1025 1238 P
1041 1174 1193 1246 Circum·
1218 1217 1232 1250 α

120 1249 201 1316 cisae
227 1258 330 1320 sunt'
352 1262 642 1352 peregrinantium
667 1273 807 1342 sarcinae
830 1303 838 1341 :
860 1295 895 1347 et
913 1287 1190 1386 quotiescumque

119 1364 376 1439 festinationem
404 1379 586 1448 necessitas
612 1383 745 1454 itineris
764 1391 890 1485 exigit,
911 1403 1069 1473 comitum
1090 1411 1191 1482 turha

59 1465 62 1469 ⁸
117 1481 320 1554 dimittitur.
338 1489 528 1562 Militantes
545 1513 681 1587 quotam
703 1522 834 1595 partem
852 1535 966 1584 rerum
984 1542 1120 1600 suarum
1134 1552 1190 1598 se·
1213 1511 1219 1525 ’

117 1623 197 1666 cum
218 1601 347 1671 habent
359 1606 375 1672 P
386 1632 491 1698 quum
505 1635 638 1684 omnem
651 1639 850 1711 apparatum
866 1631 877 1660 ²
892 1639 1071 1708 castrensis
1085 1640 1190 1714 disci-

117 1715 214 1807 plina
241 1719 449 1790 submoveat.
471 1728 543 1794 Nec
568 1745 696 1802 tantum
715 1737 865 1810 conditio
882 1743 957 1816 illos
975 1765 1185 1848 temporum,

118 1845 182 1896 sut
200 1830 354 1903 locorum
369 1837 503 1932 inopia,
520 1847 728 1938 pauperibus
742 1874 895 1949 exaequat
912 1887 921 1925 :
936 1885 1076 1938 sumunt
1089 1898 1190 1966 quos-

121 1945 202 2015 dam
215 1947 289 2018 dies
302 1943 329 2034 ³,
342 1956 524 2049 quumjam
538 1961 613 2031 illos
626 1962 819 2041 divitiarum
836 1976 971 2049 taedium
985 1989 1095 2080 cepit,
1108 1996 1191 2085 qui.

121 2063 189 2132 bus
202 2063 299 2135 humi
311 2087 466 2156 coenent,
486 2092 521 2143 et
533 2099 659 2149 remoto
672 2107 755 2154 auro
773 2109 1006 2189 argentoque,
1027 2105 1189 2184 fictilibus

120 2193 276 2248 utantur.
300 2181 500 2258 Dementes!
523 2191 588 2262 hoc
606 2197 698 2287 quod
717 2201 900 2296 aliquando
918 2222 1184 2313 concupiscunt,
1212 2253 1229 2306 3

117 2317 256 2388 semper
274 2301 406 2370 timent.
430 2305 462 2374 Ο
483 2323 609 2398 quanta
626 2311 703 2380 illos
721 2317 829 2413 caligo
849 2331 1034 2417 mentium,
1060 2360 1187 2431 quanta

115 2412 312 2506 ignorantia
331 2421 484 2490 veritatis
497 2444 651 2510 exercet,
669 2434 728 2523 qui
747 2435 884 2531 lugiunt
900 2447 992 2536 quod
1005 2454 1187 2554 voluptatis

111 2550 217 2596 causa
236 2531 436 2602 imitantur!
462 2541 518 2606 Me
537 2541 699 2633 quidem,
721 2555 854 2641 quoties
872 2564 1015 2656 antiqua
1033 2577 1186 2671 exempla

114 2646 272 2736 respexi,
292 2653 501 2742 paupertatis
515 2656 565 2722 uti
579 2658 710 2731 solatiis
724 2667 831 2758 pudet
847 2698 855 2738 ι
872 2682 1030 2767 quoniam
1045 2690 1184 2779 quidem

113 2780 155 2824 eo
181 2774 371 2854 temporum
391 2765 525 2837 luxuria
547 2774 703 2869 prolapsa
727 2798 803 2865 est,
831 2803 869 2856 ut
897 2795 1004 2887 majus
1023 2803 1182 2879 viaticum

114 2871 298 2943 exsulum⁴
319 2879 382 2960 sit,
399 2905 499 2972 quam
514 2884 591 2954 olim
612 2898 850 2982 patrimonium
870 2907 1087 3006 principum⁵
1103 2921 1178 2992 fuit.

608 3107 627 3119 .-
676 3088 789 3154 pecunias
799 3093 856 3146 satis
870 3100 983 3154 ntvitsm
997 3111 1119 3169 sustinere
1125 3139 1182 3192 pos·

202 3181 209 3194 ,
321 3185 329 3212 ‚
564 3156 625 3225 quid
674 3161 732 3216 sint.
750 3167 785 3219 At
803 3169 829 3222 itl
846 3186 959 3240 pecnm'oe
973 3191 1130 3254 pauxillam
1141 3203 1182 3252 ad

114 3219 219 3271 turbida
232 3221 569 3290 remansissemus.»
618 3241 619 3246 ’
673 3245 756 3297 vitam
776 3255 956 3312 sustinendam
978 3265 1087 3324 multum
1110 3292 1178 3346 erat,

152 3315 174 3347 ι.
189 3297 354 3352 Circumcisae
371 3313 438 3355 suot.
454 3307 624 3362 lntrssretio·
673 3319 810 3392 aliqnando
837 3333 904 3386 enim
935 3357 987 3391 non
1020 3348 1102 3406 minus
1131 3358 1180 3412 luit

112 3924 149 3976 tio
160 3925 189 3976 fit
196 3927 244 3998 Ep.
254 3927 358 3993 xvm,
372 3931 481 4006 stipsis
497 3933 604 3990 laudata.
670 3963 792 4018 rumque,
813 3973 876 4024 qnos
889 3978 947 4012 mox
961 3962 1053 4021 landet.

146 4002 171 4065 ⁴.
190 4005 325 4058 Videbam
344 4014 476 4063 exsulum.
498 4015 528 4065 ln
552 4017 620 4070 exsi-
669 4019 718 4074 lroe
729 4023 782 4097 ipso
796 4031 875 4104 capite
887 4035 919 4088 ds
930 4045 1073 4112 proceribus

111 4078 177 4131 limn
187 4081 254 4153 pulsi
265 4081 340 4136 bonis
351 4087 470 4141 omnibns
482 4102 556 4160 stqne
567 4095 619 4146 lor·
668 4101 796 4157 notoriltus
804 4110 913 4181 cogitat,

111 4155 180 4210 tonis
209 4160 384 4227 canebantur,
415 4167 502 4220 relicto
535 4183 619 4226 tamen
668 4192 780 4234 anostro
792 4203 865 4239 sensu
877 4189 957 4247 distat.
