2876 4956
302 420 368 503 364
507 443 510 450 ’
631 418 1031 487 DEBENEFICIIS

182 597 187 606 ·
300 547 488 629 confitenti,
507 546 623 616 deesse
642 547 708 615 sibi
728 549 762 616 in
783 565 951 641 sumptum
966 547 1010 616 ad
1024 547 1251 616 necessarios¹
1267 571 1353 628 nsua,

301 647 403 754 quum
421 662 507 730 clam
526 663 792 733 succurrendum
806 662 1156 757 judicasset‚pulvino
1174 662 1248 754 ejus
1266 663 1359 754 igno-

299 779 405 845 rantis
422 777 590 846 saeculnm
603 779 769 871 subjecit,
786 795 828 846 ut»
835 780 937 848 homo
951 780 1117 847 inutiliter
1133 776 1355 858 verecundus,

300 892 393 984 qnod
427 892 669 974 desiderabat,
706 895 876 964 inveniret
903 896 1014 988 potius
1046 889 1147 986 qnam
1176 895 1354 986 acciperet.

180 1045 183 1053 .
258 1053 273 1084 2
300 1009 396 1100 Quid
414 1007 523 1102 ergo?
541 1010 598 1077 ilie
621 1010 749 1077 nesciet
765 1033 786 1077 a
801 1034 871 1102 quo
894 1012 1064 1104 adceperit
1079 1013 1094 1078 Ρ
1112 1011 1267 1080 Primum
1285 1031 1359 1075 nes·

300 1124 385 1205 ciat,
402 1123 430 1191 si
444 1122 510 1190 boc
524 1124 631 1216 ipsum
656 1121 815 1190 beneficii
834 1148 913 1218 pars
935 1140 1006 1210 est3
1026 1122 1149 1192 deinde
1174 1121 1282 1190 multa
1299 1120 1359 1186 alia
1429 1195 1430 1206 p

300 1237 441 1321 faciam,
463 1239 568 1308 multa
586 1239 729 1307 tribuam
746 1287 757 1322 ,
775 1263 839 1333 per
854 1264 931 1332 quae
944 1239 1110 1332 intelligat
1123 1256 1157 1307 et
1173 1238 1269 1308 illins
1282 1261 1359 1305 auc·
1429 1213 1430 1250 ³

301 1371 419 1423 torem.
441 1355 598 1446 Denique
613 1355 671 1423 ille
690 1357 818 1424 nesciat
835 1357 1004 1451 accepisse
1023 1381 1060 1425 se
1084 1383 1092 1424 :
1114 1380 1177 1450 ego
1192 1355 1298 1423 sciam
1311 1377 1359 1420 me

299 1471 445 1542 dedisse.
468 1475 591 1541 Parum
615 1489 688 1555 est,
713 1474 839 1566 inquis.
862 1477 1008 1557 Parum,
1027 1476 1056 1543 si
1077 1473 1246 1542 soenerare
1268 1472 1359 1563 cogi-

300 1605 350 1657 tas
373 1616 381 1656 ε
402 1588 462 1658 sed
480 1591 509 1657 si
535 1590 618 1658 dare
644 1615 711 1682 quo
732 1615 858 1685 genere
876 1592 1057 1685 accipienti
1080 1591 1223 1658 maxime
1244 1588 1360 1681 profu·

257 1698 273 1750 ³
300 1718 413 1770 turum
426 1704 511 1784 erit,
526 1702 644 1770 dabis²
658 1753 668 1785 ‚
688 1719 865 1772 contentus
878 1706 945 1773 eris
958 1722 992 1773 te
1005 1718 1101 1772 teste.
1117 1703 1282 1794 Alioquin
1296 1725 1359 1768 non

299 1819 499 1888 benefacere
514 1817 680 1903 deiectat,
703 1819 762 1888 sed
780 1819 890 1889 videri
909 1819 1115 1889 benefecisse
1131 1813 1158 1886 ³.
1177 1817 1287 1900 Volo,
1309 1819 1360 1884 in·
1431 1825 1432 1858 ³

299 1938 397 2029 quis,
419 1933 518 2004 sciat!
538 1936 725 2005 debitorem
743 1939 878 2029 quaeris.
900 1938 984 2006 Volo
1001 1938 1120 2029 utique
1135 1931 1235 2004 sciat!
1257 1934 1356 2026 quid,

300 2053 328 2120 si
346 2053 394 2120 itti
419 2052 535 2120 utilius
555 2068 606 2120 est
626 2053 786 2122 nescire?
804 2055 831 2121 si
851 2055 1044 2137 honestius,
1067 2055 1095 2122 si
1114 2053 1244 2146 gratius
1260 2053 1276 2119 Ρ
1294 2075 1359 2119 non
1432 2075 1433 2124 t

300 2168 336 2235 in
357 2169 455 2236 aliam
471 2184 601 2261 partem
622 2167 732 2236 abibis
745 2137 857 2237 i’Vblo
870 2165 972 2237 sciat!
994 2171 1041 2236 ita
1056 2185 1092 2238 tu
1104 2169 1278 2236 bominem
1294 2190 1360 2234 non

258 2279 274 2344 4
300 2282 448 2351 servabis
464 2284 501 2349 in
518 2283 691 2352 tenebris?
705 2287 781 2351 Non
794 2308 895 2376 nego,
911 2285 1043 2376 quoties
1056 2284 1263 2378 patiturres,
1281 2305 1359 2374 per-

298 2396 492 2490 cipiendum
506 2397 665 2491 gaudium
675 2399 920 2492 exaccipientis
931 2399 1102 2469 voluntate
1119 2426 1127 2465 :
1143 2400 1195 2466 sin
1207 2397 1361 2490 adjurari

297 2513 392 2582 illum
406 2530 439 2580 et
453 2530 602 2607 oportet,
619 2530 653 2582 et
665 2514 792 2608 pudet3
808 2515 943 2608 siquod
959 2531 1177 2608 praestamus,
1194 2515 1357 2597 offendit,

299 2630 364 2696 nisi
373 2619 591 2698 absconditur
605 2657 611 2697 :
624 2630 826 2699 beneficium
840 2631 959 2698 inacta
969 2655 1037 2700 non
1049 2626 1166 2700 mitto⁴
1177 2633 1192 2698 Ρ
1204 2629 1361 2722 Quidni?

335 2851 456 2904 nDaesse
467 2853 519 2904 sibi
526 2855 553 2902 in
564 2861 696 2920 sunaptum
707 2852 747 2902 ad
756 2870 805 2902 ne-
854 2848 977 2904 Ctesibius
982 2865 1025 2905 ant
1034 2851 1142 2925 Apellea.
1151 2849 1251 2902 sacculo
1258 2850 1362 2904 invento

298 2931 423 2980 cessartos
435 2947 506 2980 usus.
519 2925 628 2999 Egregie
645 2927 717 2978 docet
736 2926 804 2979 Gro-
853 2926 884 2978 ab
896 2946 946 2979 anu
959 2929 983 2980 ei
992 2929 1125 2993 serviente,
1134 2927 1197 2980 dixit
1208 2944 1215 2978 t
1227 2949 1241 2972 s
1253 2926 1303 2978 iiic
1315 2930 1364 2978 Ar·

298 3025 358 3057 nov.
367 3018 452 3058 eontra
463 3005 563 3058 Gruter.
579 3018 604 3058 et
613 3005 765 3058 Salmasinm
771 3005 805 3057 ad
853 3003 936 3056 cosilai
949 3003 1023 3058 ludus
1034 3007 1151 3072 (mirum
1161 3044 1169 3066 ,
1181 3005 1278 3072 alippa]
1291 3015 1334 3056 est.
1347 3025 1360 3048 ι

299 3083 399 3156 Scriptt.
420 3083 454 3136 H.
470 3086 503 3135 Α.
515 3083 547 3134 Τ.
560 3084 580 3136 Ι.
596 3104 620 3157 p.
632 3083 666 3154 69
681 3103 718 3153 sq.
729 3120 737 3148 ,
750 3103 804 3136 non
886 3105 910 3137 a.
932 3085 1029 3138 Dabis.
1047 3085 1170 3138 Omnium
1181 3083 1257 3137 codd.
1267 3095 1292 3134 et
1304 3083 1362 3136 edd.

297 3163 403 3234 junctim
416 3166 577 3233 insumptum
589 3163 607 3216 i.
617 3184 639 3216 e·
653 3161 803 3236 pecuniam,
853 3165 945 3228 lectio,
978 3185 1054 3235 qparn
1085 3157 1203 3216 Muretus
1235 3162 1362 3214 omiserat.

300 3260 351 3292 esse
362 3240 523 3293 scribendum
536 3277 543 3306 ‚
558 3240 602 3293 sed
615 3260 666 3294 esse
683 3239 744 3292 duaa
754 3259 807 3292 vo·
855 3245 942 3311 Quum
953 3242 1018 3296 bene
1029 3241 1137 3315 tnnttigi
1148 3241 1244 3310 possit,
1258 3260 1311 3293 non
1323 3239 1362 3292 vi·

299 3340 337 3373 res
344 3359 352 3382 ,
360 3333 384 3371 et
392 3321 478 3374 deesse
484 3323 536 3373 sibi
539 3323 567 3373 in
574 3329 689 3373 sumtum
699 3320 798 3372 valere:
852 3322 901 3374 deo
912 3359 919 3383 ,
939 3342 982 3375 cur
992 3317 995 3326 ’
1004 3341 1058 3372 non
1076 3320 1160 3373 abesse
1178 3318 1269 3380 liceat,
1280 3317 1303 3368 si
1319 3336 1362 3388 per

297 3417 323 3450 aa
333 3416 387 3450 rcm
399 3418 452 3450 non
465 3399 572 3460 babere.
586 3397 743 3468 stringere,
757 3415 805 3448 ue·
853 3397 927 3452 codd.
938 3398 1031 3451 liceret.

298 3473 347 3545 qui
366 3494 499 3528 nummum
516 3475 608 3530 babere
621 3497 634 3522 a
648 3476 715 3528 unde
728 3475 804 3528 Panis
885 3476 909 3528 3,
921 3475 975 3528 Sed
984 3477 1070 3529 viden·
1079 3475 1235 3546 benefecisse·
1247 3469 1361 3526 Benefici

299 3566 411 3620 ematur,
428 3553 570 3618 olus,vini
590 3555 719 3616 sextarius,
741 3554 804 3606 adda
852 3555 964 3610 bominis
988 3558 1081 3608 famam
1118 3553 1200 3624 magia
1230 3549 1361 3626 aucuparis

300 3631 379 3700 Qucis
387 3631 498 3684 bumana
508 3631 556 3684 sibi
568 3630 652 3684 doleat
661 3644 750 3682 natura
760 3650 805 3682 ns·
853 3655 929 3706 qnam
942 3631 1113 3686 beneficantiae
1136 3629 1298 3702 voluptatem.
1310 3628 1363 3682 Vi·

299 3709 371 3784 gatia.
382 3733 395 3757 t·
409 3710 468 3781 (sic
479 3712 529 3762 iare
543 3711 631 3764 Horat.
644 3709 687 3762 lib.
697 3709 719 3773 Ι,
728 3721 772 3762 sat.
783 3726 803 3773 1,
854 3712 908 3766 deri
920 3711 1000 3764 mavis
1012 3729 1088 3782 qnam
1102 3728 1160 3761 essa„
1173 3706 1253 3776 Quod
1261 3705 1362 3779 sapien·

303 3789 358 3858 74)
373 3791 440 3843 Nam
465 3791 603 3844 necessarii
617 3794 678 3844 vitoe
700 3809 805 3843 nausea
853 3793 896 3846 tias
915 3790 1020 3844 omnino
1038 3799 1176 3862 repugnat,
1194 3785 1287 3860 quippe
1305 3802 1363 3856 qun

300 3883 424 3940 suntque
437 3870 467 3922 ad
479 3869 664 3923 sustentandam
675 3867 752 3922 vitam
763 3887 805 3921 ne·
853 3868 903 3922 boc
911 3867 1061 3940 lemmaprte
1068 3885 1094 3916 ss
1102 3867 1162 3917 ferat
1169 3882 1312 3933 essequam
1321 3865 1362 3915 vi·

300 3949 531 4012 taurinantium,
542 3961 584 4002 aut
590 3968 641 4002 esse
649 3948 807 4013 sidentur,tat
854 3944 1105 4018 deriUtAEacbyleus
1112 3943 1278 4016 Amphiaraus
1287 3944 1365 4012 abybp

300 4024 369 4076 cibus
380 4025 487 4100 primurn
497 4025 572 4092 ‚dein
583 4037 675 4079 tartum
685 4037 708 4078 et
719 4039 806 4078 vestes.
855 4027 929 4078 δοκεῖν
937 4025 1035 4088 δίκαιος,
1042 4023 1095 4076 ἀλλ’
1102 4019 1159 4076 aiam
1168 4021 1317 4094 'liat-Sept.
1325 4039 1363 4094 ap.

300 4102 341 4154 De
353 4101 400 4154 bac
409 4103 529 4157 Arcesilai
540 4103 688 4157 liberalitate
698 4121 756 4172 quae
767 4122 805 4175 ap.
854 4101 919 4168 Tb,
930 4101 1081 4166 tecture.
1093 4115 1135 4154 ut.

301 4180 416 4252 antiquos
423 4182 544 4236 celebrata
550 4182 599 4235 snit
608 4180 723 4253 riDiog.
731 4181 760 4233 b.
766 4179 805 4234 bl.
887 4179 1074 4251 4.Benefict'una
1082 4181 1110 4232 in
1122 4188 1238 4232 actaeon
1248 4181 1333 4230 mitto
1341 4179 1361 4228 Ι.
