2954 4926
407 497 501 565 tm.
528 496 599 583 vt,
626 497 732 565 etr.
758 495 890 566 xxx.
1123 497 1191 588 619

121 627 256 695 assiduo
270 627 502 712 conversatio,
517 650 627 720 sermo
644 631 771 712 comis,
792 645 827 696 et
841 631 916 696 sine
932 625 1127 694 adulatione
1134 623 1193 718 jn'-

121 738 274 826 cundus,
293 762 414 823 aures,
433 741 462 808 si
475 739 666 810 deliberare
685 741 789 826 velit,
814 739 1014 836 diligentes,
1041 755 1143 820 tutte,
1162 740 1192 806 si

120 855 286 944 eredere,
305 857 480 926 convictus
497 857 740 926 familiaritas¹.
765 859 944 927 Neminem
966 871 1034 924 tom
1052 855 1120 924 ulte
1136 879 1192 924 se·

124 974 238 1042 eunds
254 989 460 1068 posuertmt,
474 989 592 1044 utnon
603 974 654 1042 illi
671 998 711 1044 eo
727 977 834 1070 magis
849 975 977 1044 amicus
991 971 1096 1058 desit,
1110 974 1193 1066 qnia
1220 1033 1223 1038 .

120 1091 210 1160 nihil
222 1089 346 1180 obsiti.

172 1205 287 1274 XXX.
310 1207 377 1273 Ista
390 1207 522 1292 tristis,
538 1221 573 1274 et
589 1207 680 1275 omni
695 1203 773 1275 voto
791 1203 1020 1294 submovenda
1037 1207 1189 1288 sensio,

120 1343 164 1387 nc
188 1319 310 1413 procul
327 1319 547 1413 repellendo,
573 1337 612 1388 nt
634 1334 750 1412 gratus
766 1299 839 1388 esse
854 1321 983 1413 possis,
1003 1319 1099 1386 iratis
1127 1316 1193 1386 diis

122 1459 210 1530 opus
223 1429 294 1504 ιιι3
307 1437 323 1504 i
337 1438 409 1503 Nec
419 1459 458 1504 ex
470 1436 540 1504 boc
555 1435 694 1528 quidem
706 1437 850 1529 peecare
859 1451 894 1504 te
903 1435 1086 1529 intelligis,
1100 1433 1194 1528 quod

122 1552 246 1622 melius
264 1577 342 1621 cum
358 1576 399 1622 eo
416 1553 542 1646 agitur,
558 1553 614 1622 oui
633 1555 788 1646 ingratus
800 1575 837 1621 es
847 1547 888 1620 ‘i
905 1555 1060 1646 Propone
1081 1552 1193 1620 animo

121 1687 183 1767 tuo
199 1693 405 1753 carcerem,
434 1668 590 1752 vincula,
618 1661 773 1752 sordes⁵,
803 1671 1022 1756 servitutem,
1044 1668 1192 1752 bellum,

123 1801 309 1880 egestatem
327 1811 335 1854 ε
355 1787 430 1855 haec
444 1801 524 1855 sunt
539 1785 731 1854 occasiones
749 1786 799 1852 tui
817 1785 909 1873 voti,
936 1786 964 1854 si
985 1786 1063 1876 quis
1082 1800 1194 1852 tecum

126 1903 295 1971 contraxit
305 1895 333 1987 ⁶,
353 1925 417 1994 per
432 1879 513 1970 ista¹⁷
535 1901 729 1970 dimittitur.
746 1901 841 1994 Quin
853 1904 967 1994 potius
983 1923 1060 1971 cum
1074 1917 1195 1995 poten-

125 2033 193 2084 tem
211 2039 283 2084 esse
299 2015 406 2098 velis,
434 2015 488 2083 cni
512 2015 696 2107 plurimum
717 2013 841 2097 debes,
868 2015 903 2082 et
919 2016 1082 2084 beatum?
1100 2014 1196 2106 Quid

123 2134 241 2216 enim,
262 2149 300 2202 ut
315 2130 410 2214 dixi,
432 2147 544 2216 vetut,
568 2147 602 2199 te
620 2130 749 2199 referre
772 2130 872 2200 etiam
889 2133 1017 2200 sumnia
1036 2131 1195 2199 felicitate

123 2249 276 2343 praeditis
287 2249 451 2344 gratiam,
467 2249 564 2341 cujus
579 2249 681 2341 plena
693 2245 756 2315 tibi
766 2263 926 2316 occurret
938 2249 1077 2317 etruria
1089 2263 1196 2316 mute-

125 2359 204 2436 ris?
219 2366 343 2460 Quid?
360 2381 398 2434 tu
408 2366 520 2434 nescis
539 2363 692 2433 debitum
710 2365 811 2432 etiam
834 2364 1062 2458 locupletibus
1086 2366 1196 2436 solvi?

124 2485 198 2550 Nec
217 2496 249 2549 te
262 2480 406 2548 invitum
421 2473 657 2572 distringnm⁸.
679 2479 802 2548 Omnis
817 2504 897 2548 sene
914 2480 1095 2550 excluserit
1111 2505 1195 2575 opu-

128 2600 219 2668 lenta
238 2597 406 2680 felicitas,
427 2593 624 2666 monstrabo
645 2595 706 2664 tibi
728 2596 825 2688 cujus
843 2598 894 2664 rei
914 2597 1029 2691 inopia
1041 2597 1196 2668 laborent

125 2737 250 2808 magna
264 2712 437 2806 fustigin⁹,
454 2709 539 2806 quid
552 2713 663 2780 omnin
681 2709 932 2804 possidentibus
946 2712 1044 2780 desit.
1060 2714 1197 2782 Scilicet

162 2956 184 2987 ι.
197 2935 301 2996 Aures,
313 2935 340 2984 si
349 2933 492 2986 deliberare
502 2935 564 3000 uelit
573 2967 581 2996 ,
591 2931 635 2982 dt·
716 2931 739 2982 3.
756 2932 841 2985 Imts's
852 2935 905 2986 dtis
915 2955 981 3002 opus
993 2947 1041 2988 est.
1051 2935 1085 2988 ll.
1097 2956 1118 2987 ι.
1128 2953 1196 2988 'num

124 3017 231 3082 differitas
240 3028 249 3074 ;
258 3018 322 3063 tuta
332 3003 377 3074 ,si
384 3011 499 3075 credere,
508 3010 635 3064 mortens
684 3009 757 3062 irasci
768 3011 836 3064 Dcot
847 3012 1013 3070 necessrium
1023 3026 1068 3081 est,
1080 3025 1106 3066 ιι
1118 3013 1146 3066 ἰιι
1159 3015 1197 3067 il-

113 3091 307 3160 samib'art'tas.
320 3087 364 3140 Sic
377 3086 477 3160 egregie
486 3081 635 3140 'emendavit
684 3085 732 3138 lios
754 3101 829 3160 caput
846 3088 944 3142 fulmen
968 3090 1131 3162 impingere,
1154 3092 1196 3145 cui

126 3164 634 3236 assumendusddicentibmquum
683 3177 711 3216 ιιι
737 3164 890 3220 beneficium
914 3167 1050 3223 collaturus
1072 3169 1127 3224 cs?
1155 3171 1194 3224 Cf.

126 3246 223 3316 panim
230 3245 355 3319 legeretur
364 3245 420 3299 ιιὶιι
429 3245 500 3298 editis
507 3244 567 3298 stin
576 3263 634 3296 mss.
685 3263 713 3311 ²7
723 3279 732 3310 ‚
744 3245 769 3296 5.

126 3334 178 3376 atet
189 3343 229 3377 res
240 3328 266 3376 sr'
275 3325 419 3378 deliberare
429 3324 507 3384 velit,
520 3325 636 3390 diligen·
718 3321 741 3386 4.
757 3324 814 3375 Cui.
832 3323 853 3374 l.
863 3344 884 3375 ι.
898 3326 919 3374 si
932 3323 955 3375 ci
966 3324 1080 3398 ingratus
1090 3325 1195 3390 emulis

127 3411 165 3453 tes
182 3410 236 3454 tute
251 3404 290 3455 st'c
302 3399 404 3455 credere
415 3402 540 3454 convictus
547 3399 636 3468 sami·
683 3410 742 3452 voto
755 3418 809 3454 uon
820 3399 951 3464 iaciendo,
962 3413 991 3454 ut
1000 3421 1140 3471 carcerem,
1148 3416 1195 3457 ιιι.

126 3480 239 3532 liariter.
258 3479 334 3547 Quod
353 3469 438 3532 tamen
456 3478 500 3531 ills
519 3477 635 3530 addidit:
683 3494 699 3527 s
711 3473 759 3528 diis
773 3475 888 3546 proceris.

126 3567 230 3612 mrem
239 3560 365 3611 convictus
377 3557 451 3610 codd.
461 3567 589 3628 respuunt.
666 3571 670 3585 ·
719 3557 743 3606 5.
755 3552 852 3608 Sordes
863 3555 981 3610 aemuli.

162 3654 188 3687 n.
200 3633 239 3688 Ut
246 3655 300 3688 mo
311 3637 356 3686 tto·
365 3653 395 3688 eo
405 3637 535 3703 magis...
546 3633 616 3686 absit
629 3651 637 3684 .·
719 3631 743 3685 6.
753 3632 855 3702 Siquis
865 3646 946 3687 tecum
955 3640 1098 3690 contruxit.
1108 3638 1197 3710 Suppl.

126 3714 190 3784 quis
199 3731 297 3786 semper
310 3735 323 3762 ιι
334 3731 435 3786 magna
446 3715 554 3764 somnne
565 3710 637 3776 (vst-
684 3717 839 3766 societatem.
852 3712 985 3768 lutordum
995 3715 1141 3769 contrahere
1153 3737 1197 3770 oc-

127 3791 172 3843 leii
188 3791 312 3844 Paterculi
324 3789 441 3859 dictum)
452 3809 535 3844 comes
543 3788 635 3841 odolo·
685 3789 771 3856 currit,
784 3789 911 3844 subintell.
922 3795 1062 3846 vinculum.

127 3868 164 3920 tio
173 3889 197 3932 n,
206 3882 231 3920 ιι
239 3867 542 3940 veritssascsndorspod
551 3867 637 3920 felices
720 3889 742 3937 7.
756 3869 810 3921 Per
818 3871 874 3922 isto
884 3881 944 3922 vots
956 3882 998 3922 tua
1007 3869 1120 3922 solvitur.

128 3958 292 4018 potentesque
303 3947 344 3998 vix
356 3945 478 4000 habitant.
718 3947 742 3998 8.
752 3947 837 4000 Necte
849 3949 958 4000 insitum
969 3950 1127 4015 distringam
1137 3963 1147 4010 ,·
1165 3947 1197 4000 il-

155 4025 535 4088 ΔΧΧΧ.,ΑιιιιΕΙίιιιιιιιιιιιιιι
550 4025 637 4077 felici·
687 4023 792 4096 ligatum
814 4025 919 4089 tenebo,
941 4037 970 4076 ut
992 4024 1090 4078 tlcbitcr
1112 4038 1196 4078 contra

128 4115 179 4156 tate
189 4101 299 4176 proditis
306 4115 330 4156 ιι
341 4103 419 4156 beatis
428 4103 534 4177 gratiam
546 4105 637 4158 referre
688 4103 843 4156 voluntatem
853 4115 922 4155 tuam
936 4121 1046 4156 maneas.

128 4199 260 4252 possumus
272 4217 280 4242 ,
290 4201 378 4234 vetum
395 4179 519 4244 dicendo,
531 4194 555 4235 ιι
573 4181 638 4234 nibil
721 4201 745 4252 9.
757 4181 882 4252 Fastigt'a
891 4180 922 4234 de
934 4199 1032 4233 summa
1050 4180 1107 4232 torti
1119 4193 1195 4251 parte,

127 4259 323 4328 dissimulando,
335 4257 526 4312 neocdultndo.
689 4257 764 4328 ἀιτᾷ,
790 4259 883 4312 deinde
901 4261 930 4312 dc
948 4260 1037 4330 quavis
1056 4259 1197 4312 summitate
