2952 4938
328 495 423 566 tm.
451 495 685 583 v11,csr.
712 481 849 564 xxti.
1103 497 1167 565 cs,

99 640 249 720 quatuor
264 623 440 695 denarios¹
463 653 533 696 non
546 629 653 697 invita
670 651 791 708 manu,
807 625 942 695 domum
959 625 1097 706 retulit,
1113 649 1173 694 sn·
1260 673 1264 680 -

101 742 208 811 binde
231 725 462 814 concutiens².
490 743 625 814 Deinde
652 768 759 835 quum
782 741 1059 837 reprehendisset
1085 742 1175 810 bene

100 884 197 927 susm
211 883 279 927 non
292 857 459 930 reddendi
474 863 615 930 tacitam
625 856 852 952 voluptatem,
874 857 1071 952 intelligens
1087 861 1176 927 arri·

100 975 187 1041 sisse
202 973 268 1048 sibi
285 973 372 1042 illud
388 973 569 1056 lucellum,
583 973 674 1042 redit
688 971 734 1041 ad
751 973 904 1042 eamdem
923 972 1122 1058 tabernam,
1142 989 1175 1041 et

101 1091 151 1158 ait
167 1117 176 1156 t
195 1090 257 1158 Ille
272 1090 335 1158 tibi
352 1091 437 1160 vivit
455 1116 463 1156 s
485 1090 613 1173 redde,
636 1114 721 1184 quos
739 1088 855 1159 dehes.
880 1087 1015 1161 Deinde
1027 1113 1092 1183 per
1103 1089 1174 1159 cio-

101 1195 247 1288 strum³,
270 1229 338 1299 qua
356 1229 392 1274 se
406 1191 626 1276 commissura
642 1207 833 1293 laxaverat,
852 1221 999 1300 quatuor
1017 1206 1175 1275 denarios
1231 1293 1239 1310 ι

101 1323 140 1389 in
158 1320 332 1390 tabernam
352 1323 517 1406 inscruit,
534 1346 575 1391 ac
593 1323 707 1406 misit,
731 1345 848 1416 poenas
867 1347 938 1391 ase
954 1323 1092 1416 exigens
1111 1324 1175 1390 im·

103 1439 220 1538 probae
234 1435 465 1533 cupiditatis⁴,
486 1463 531 1508 ne
551 1439 663 1508 alieno
681 1427 900 1508 assuesceret.
977 1475 1023 1498 «-
1092 1481 1098 1494 ⁷

151 1557 266 1624 XXII.
284 1555 388 1649 Quod
400 1554 518 1641 debes,
535 1579 650 1648 quaere
666 1556 723 1623 oui
740 1552 865 1623 reddas
883 1581 891 1621 ε
906 1571 940 1623 et
958 1557 988 1622 si
1007 1577 1107 1622 nemo
1120 1578 1178 1647 po-

101 1687 192 1751 scet,
209 1671 283 1763 ipse
302 1685 336 1739 te
349 1668 497 1762 appella.
511 1669 622 1738 Malus
634 1693 677 1738 an
693 1667 802 1739 bonus
818 1672 880 1753 sit,
897 1669 941 1737 ad
961 1685 994 1737 te
1012 1693 1082 1736 non
1095 1693 1177 1762 per-

101 1787 200 1854 tinet.
222 1783 361 1872 Redde,
389 1801 425 1853 et
447 1779 607 1870 accusa⁵,
629 1810 698 1852 non
718 1783 867 1869 oblitus,
895 1781 1177 1876 quemadmodum

102 1905 267 1971 intervos
282 1902 395 1971 officia
408 1900 517 1972 divisa
531 1917 628 1988 sunt,
644 1903 696 1976 itti
711 1901 837 1970 oblivio
854 1902 1019 1995 imperata
1031 1915 1084 1968 est
1094 1950 1104 1982 ,
1115 1901 1177 1968 tibi
1220 1895 1223 1902 ’

102 2020 296 2088 meminisse
315 2018 559 2088 mandavimus.
581 2023 681 2087 Errat
699 2033 831 2101 tamen,
851 2019 879 2086 si
899 2018 977 2110 quis
993 2018 1175 2100 existimat,

101 2123 207 2230 quum
226 2123 371 2204 dicimus
384 2158 461 2202 eum
476 2135 536 2227 qui
550 2128 758 2216 beneficium
774 2133 890 2222 dedit,
910 2132 1063 2201 oblivisci
1079 2155 1179 2225 opor-

102 2238 195 2336 tere,
210 2266 369 2320 excutere
382 2275 442 2320 nos
457 2250 506 2320 illi
521 2252 719 2320 memoriam
733 2251 784 2319 rei
801 2250 991 2343 praesertim
1006 2249 1178 2323 honestis-

102 2369 220 2454 simae3
241 2365 397 2460 quaedam
422 2370 640 2462 praecipimus
662 2368 751 2436 ultra
768 2365 924 2450 modum,
943 2383 982 2434 ut
998 2367 1043 2434 ed
1059 2389 1178 2434 verum

101 2495 137 2548 et
151 2505 249 2550 suum
264 2480 406 2550 redeant
416 2473 443 2548 ⁶.
455 2480 572 2573 Quum
583 2480 745 2564 dicimus„
760 2481 958 2550 Meminisse
970 2505 1039 2549 non
1053 2480 1174 2550 debet:
1202 2511 1217 2544 2

138 2724 159 2756 ι.
175 2703 238 2757 Tres
252 2714 300 2756 aut
312 2715 426 2774 quatuor
441 2705 569 2757 denarios.
588 2705 617 2758 si
699 2705 723 2756 b.
734 2703 1040 2776 Quoedumpmcipimus
1049 2709 1179 2760 ultramo-

103 2781 158 2835 btec
171 2783 330 2836 testimeveris
345 2805 373 2836 cx
385 2783 482 2854 denarii
497 2784 576 2856 pretio
588 2785 616 2836 in
667 2785 894 2836 dum.....redeant.
910 2783 940 2836 si
952 2783 1001 2836 boc
1013 2783 1065 2846 iili,
1079 2784 1123 2854 qui
1138 2803 1178 2860 ε]-

101 2859 205 2914 Scnecae
224 2873 314 2927 etate,
335 2873 443 2933 quatuor
462 2861 560 2914 denarii
575 2861 617 2914 vix
666 2874 770 2934 stemate¹
781 2859 944 2931 dijudicandi
957 2861 1004 2913 sibi
1016 2860 1177 2934 sumpserint,

102 2937 202 3010 crunt3
214 2939 243 2988 ir.
258 2951 349 2992 nostre
359 2951 476 2992 monette.
666 2953 731 2996 recte
752 2951 775 2991 et
795 2937 878 2996 sobrie
902 2953 1074 3014 reputassent,
1093 2939 1179 2992 multis

137 3037 159 3066 2.
176 3015 294 3068 Subinde
314 3023 478 3082 concutiens,
500 3017 617 3070 denarios
666 3015 846 3070 certaminibus
858 3018 1018 3090 supersedere
1035 3018 1179 3092 potuissent.

102 3111 158 3166 prte
172 3092 266 3146 laetitia.
664 3095 825 3174 Exempiarie
837 3096 904 3151 enim
915 3097 978 3150 ratio
989 3097 1117 3170 proponit,
1127 3120 1149 3151 e.
1157 3119 1178 3150 c.

135 3171 159 3223 3.
172 3173 320 3237 Clostrum,
333 3174 498 3248 repagulum,
513 3175 559 3228 ubi
572 3175 616 3244 ie·
666 3173 697 3228 de
708 3173 821 3226 moribus
832 3175 993 3248 precipiens,
1004 3175 1179 3248 principiaque

102 3269 153 3300 nus
164 3250 230 3302 male
241 3250 305 3323 posti
320 3249 470 3304 cohaerebat.
482 3252 522 3304 Gi.
534 3251 617 3320 Segit·
665 3249 823 3302 demonstrat
835 3251 993 3321 sequendum
1004 3252 1133 3307 sordentis
1142 3264 1180 3304 et·

100 3327 192 3380 tarium
206 3329 319 3400 dejanua
333 3343 392 3384 vett.
401 3329 428 3381 in
436 3329 533 3384 Graevii
541 3329 616 3383 Thes·
665 3349 715 3399 que
727 3328 857 3398 jubentie3
873 3329 919 3382 etsi
934 3330 977 3381 vix
986 3349 1015 3382 ec
1028 3349 1060 3383 ne
1072 3329 1113 3384 vix
1124 3330 1179 3401 qui·

107 3405 155 3457 To.
168 3405 214 3455 Vl.
667 3407 726 3461 dem
733 3409 887 3482 sperandum
895 3409 940 3472 est,
948 3411 1013 3471 iore,
1025 3421 1052 3462 ut
1062 3409 1179 3466 homines

136 3483 261 3548 dPoenos
273 3487 425 3554 cupiditatis
431 3501 538 3558 ,merope
547 3486 616 3558 quod
666 3475 718 3538 istis
731 3481 911 3559 exemplaribus
928 3486 1022 3538 similes
1038 3485 1115 3550 fient,
1134 3499 1179 3543 etc.

101 3561 202 3632 gavisus
211 3573 276 3622 eret,
289 3573 399 3615 sutorem
413 3582 464 3615 esse
478 3575 615 3630 mortuum,
669 3565 781 3620 Petimus
793 3567 897 3638 inique,
911 3577 939 3620 ut
951 3567 1000 3619 boc
1012 3575 1084 3631 utar,
1098 3579 1125 3619 ut
1136 3567 1179 3620 ob·

101 3660 178 3709 seque
193 3640 346 3694 summulam
359 3639 465 3717 retinere
480 3661 551 3708 posse
566 3641 615 3697 im·
668 3644 793 3697 tineamus
811 3664 891 3716 teque.
909 3644 1006 3719 Lipsius
1021 3643 1127 3699 illustrat
1140 3647 1179 3700 bis

103 3737 178 3788 pune.
667 3722 750 3778 verbis
762 3742 769 3777 :
781 3737 808 3776 ut
819 3722 889 3796 ligne
902 3743 1051 3786 curvemus,
1065 3723 1108 3776 sed
1122 3745 1180 3777 cor·

137 3793 506 3854 xx11.tnc.Benetactorem
521 3795 616 3850 benefi-
665 3801 765 3856 recturi.
789 3801 915 3854 Intellexit
932 3801 1016 3871 itaque
1038 3801 1069 3854 de
1092 3801 1178 3854 iterate

102 3871 199 3922 ciorum
212 3871 343 3939 oblivisci,
355 3872 420 3926 bene
434 3874 551 3924 meritum
566 3893 616 3925 me·
667 3877 831 3951 repetitione,
845 3899 894 3951 que
907 3877 951 3945 fit,
964 3891 992 3932 ut
1003 3879 1117 3934 animum
1127 3894 1179 3932 tsn-

102 3947 207 4001 minissc
221 3962 324 4026 oportet.
666 3955 723 4007 dem
741 3953 767 4006 in
784 3976 837 4009 rem
852 3955 990 4028 dirigamus
1011 3957 1178 4032 etpraeceptis

137 4029 161 4078 5-
176 4025 267 4080 Redde
285 4039 310 4081 et
327 4047 429 4082 accuso.
445 4029 534 4082 Redde
549 4031 615 4082 malo
666 4047 831 4086 assuescentes
844 4035 922 4086 vitem
934 4035 966 4087 ad
982 4055 1010 4088 ca
1026 4037 1179 4109 attempere-

102 4105 202 4158 bomini
218 4108 286 4176 quod
297 4108 387 4162 debeas
398 4149 405 4175 ,
418 4109 462 4162 sed
474 4110 616 4164 hocoiiicio
668 4131 730 4164 ntus.
749 4109 889 4164 Enimvero
910 4125 1020 4185 spectant
1044 4113 1125 4186 potius
1147 4115 1178 4166 ed

101 4193 147 4234 tuo
161 4183 249 4238 iuncto
264 4186 397 4240 accusandi
409 4209 466 4240 cum
475 4189 519 4244 tibi
529 4189 567 4260 ins
579 4211 617 4244 rc·
668 4189 1013 4266 morcmstoicum,dogmata
1023 4213 1067 4244 sus
1076 4191 1179 4245 insolito

102 4277 196 4316 manet.
668 4263 745 4320 modo
754 4269 893 4336 παραδόξως
901 4269 1081 4341 pronuntiandi
1091 4263 1115 4322 et
1126 4291 1180 4322 rcr-
