2976 4950
467 461 565 528 LlB.
592 463 672 548 111,
699 465 809 532 CAP.
836 465 905 531 IX.
1150 467 1212 551 dns

149 591 270 658 rabit?
289 592 366 683 quis
382 590 552 683 expendet
568 594 583 660 i
600 591 752 696 difficilis
769 607 820 662 est
838 593 1031 676 sententia,
1052 617 1129 687 quse
1149 619 1218 662 non

150 733 247 795 rem,
266 707 327 776 sed
342 709 411 776 vim
431 709 482 776 rei
501 710 637 802 quaerit.
658 708 784 779 Eadem
802 711 883 780 lieet
907 711 994 794 sint,
1019 709 1120 781 aliter
1141 711 1219 780 data

149 848 221 892 non
238 824 327 893 idem
342 824 525 918 pendeut¹.
541 821 644 894 Dedit
659 827 743 894 mihi
757 827 816 895 hie
826 827 1032 896 beneficium
1048 856 1059 914 3
1075 827 1218 896 sednon

149 939 316 1024 libenter,
337 939 398 1010 sed
416 939 551 1009 dedisse
569 965 605 1009 se
623 957 763 1034 questus
783 959 858 1024 est,
880 941 942 1012 sed
961 944 1142 1037 superbius
1164 969 1218 1012 me

149 1081 254 1147 quam
271 1054 420 1138 solebat,
449 1055 580 1149 aspexit
600 1083 610 1141 3
630 1054 692 1124 sed
717 1071 785 1124 tarn
810 1055 908 1124 tarde
930 1053 1054 1144 dedit,
1075 1073 1115 1126 ut
1141 1057 1218 1152 plus

149 1173 365 1265 praestiturus
374 1171 490 1256 fuerit,
502 1172 530 1238 si
544 1172 612 1240 cite
621 1186 790 1266 negasset.
799 1175 929 1241 Horum
937 1172 1105 1265 quomodo
1111 1173 1219 1266 judex'

150 1289 253 1358 inibit
266 1289 543 1370 estimationem,
560 1311 665 1378 quum
683 1312 792 1358 sermo
806 1338 816 1371 ,
837 1303 872 1358 et
891 1288 1076 1374 dubitatio,
1096 1307 1131 1360 et
1144 1292 1220 1360 vul·

149 1421 205 1474 tus
221 1406 335 1474 meriti
354 1383 718 1498 gratiamdestruant?

198 1523 263 1590 IX.
283 1518 380 1613 Quid
398 1518 489 1613 quod
507 1519 661 1612 quaedam
672 1518 845 1588 beneficia
856 1537 1039 1606 vocantur,
1064 1523 1145 1615 quia
1166 1525 1219 1592 ni-

149 1640 214 1708 mis
228 1639 559 1732 concupiscuntur²3
579 1633 734 1729 quedam
752 1661 821 1704 non
843 1652 921 1706 sunt
940 1661 982 1706 ex
1001 1640 1068 1708 hae
1082 1640 1216 1734 vulgari

148 1772 251 1838 nota,
271 1753 331 1824 sed
348 1756 496 1848 majora,
519 1755 652 1822 etiamsi
670 1754 783 1822 minus
803 1758 994 1849 apparent?
1011 1759 1218 1828 Beneficium

148 1897 268 1957 voees,
292 1871 426 1941 dedisse
442 1872 589 1966 potentis
605 1871 722 1964 populi
741 1872 930 1956 civitatem,
950 1875 987 1941 in
1010 1875 1219 1967 quatuorde-

149 1981 241 2059 cim³
268 1987 468 2070 deduxisse,
497 2003 532 2055 et
547 1985 739 2056 defendisse
757 1989 878 2080 capitis
896 2013 991 2058 reum
1015 2017 1025 2057 z
1045 1991 1129 2084 quid
1147 1993 1217 2059 uti-

151 2109 197 2176 lia
214 2107 356 2178 suasisse
371 2107 387 2174 i
402 2104 487 2198 quid
505 2104 709 2188 retinuisse,
729 2127 774 2173 ne
790 2105 828 2173 in
848 2106 958 2174 scelus
974 2111 1117 2176 rueret?
1134 2108 1218 2201 quid

151 2224 303 2320 gladium
320 2224 505 2292 excussisse
527 2221 690 2289 morituro
706 2221 722 2288 i
739 2220 824 2313 quid
846 2223 1042 2293 effieacibus
1060 2224 1218 2294 remediis

151 2339 357 2412 refocillasse
376 2336 569 2433 lugentem,
590 2353 626 2404 et
643 2361 728 2429 quos
744 2337 958 2408 desiderabat
974 2341 1141 2410 volentem
1162 2366 1217 2410 se-

151 2460 235 2551 qui,
254 2456 387 2526 adsita
401 2455 578 2526 consilium
593 2452 766 2524 reduxisse
781 2457 795 2524 Ρ
810 2454 894 2548 quid
906 2456 1070 2526 assedisse
1085 2453 1216 2552 ⁴agro,

151 2589 187 2642 et
203 2597 308 2664 quum
321 2570 478 2641 valetudo
490 2571 565 2662 ejus
582 2593 623 2638 ac
638 2559 742 2638 salus⁵
754 2571 932 2640 momentis
944 2564 1142 2661 constaret⁶,
1159 2597 1218 2640 ex-

149 2815 276 2869 eernides
282 2815 353 2868 rieux
364 2813 491 2884 ,quivons
500 2810 660 2886 tiendrsplus
709 2812 786 2866 eitum
799 2825 847 2878 est,
868 2833 902 2865 ne
916 2813 974 2884 qais
986 2814 1014 2866 in
1027 2813 1218 2880 quatuordeeim

150 2895 183 2946 de
200 2905 300 2966 compte
314 2892 376 2947 d’un
395 2911 467 2943 verre
486 2889 561 2944 d’eau
574 2889 660 2942 donne
708 2889 827 2962 gradibus
839 2890 1073 2960 ombestroe,inqua
1084 2891 1219 2942 Senatores

150 2993 184 3026 en
194 2992 241 3024 son
252 2991 332 3036 nom,
352 2991 402 3040 qne
415 2982 470 3022 tous
480 2967 517 3020 les
528 2968 580 3020 rois
593 2967 624 3020 de
636 2967 660 3020 le
709 2967 843 3036 sedebant,
858 2969 979 3042 proximis
989 2966 1102 3029 sederet,
1114 2967 1164 3020 nisi
1173 2969 1218 3038 qui

149 3063 254 3104 terrene
261 3050 285 3102 le
292 3049 398 3102 ieraient
406 3046 438 3099 de
445 3047 657 3119 votressng,ete'.s
710 3063 785 3114 eques
793 3057 816 3097 et
828 3045 935 3116 equestri
945 3065 1022 3099 censu
1032 3059 1102 3098 esset.
1113 3045 1217 3098 Confer.

188 3149 209 3181 ι.
223 3129 285 3183 Non
299 3130 370 3182 idem
380 3129 498 3196 madent.
511 3127 574 3178 Non
591 3124 658 3178 idern
708 3121 810 3174 Ernesti
818 3123 903 3176 ludis.
916 3124 996 3196 Lqu.
1009 3121 1100 3175 lloseis
1110 3122 1219 3176 theatra·

150 3207 252 3282 pondns
261 3206 418 3280 pretiumque
425 3203 562 3256 habebunt.
709 3197 748 3251 lis.

185 3285 307 3338 llius.
316 3279 659 3352 Alismesusamsllegatqus
740 3277 765 3341 4
780 3275 856 3346 Quid
867 3281 997 3332 assedisse
1009 3297 1089 3348 agro,
1104 3291 1150 3332 etc.
1164 3279 1217 3332 Ho-

151 3361 182 3415 fit
201 3374 229 3416 ut
247 3358 370 3414 beneficis
390 3359 512 3413 estimare
533 3357 574 3409 vix
593 3355 660 3408 ullus
709 3354 801 3407 ratium
810 3355 892 3408 Serm.
905 3358 930 3416 1,
947 3376 977 3422 s,
993 3358 1026 3410 80
1038 3376 1075 3427 sq.
1088 3357 1218 3410 nostroob

151 3453 244 3512 quest,
262 3461 352 3513 nempe
363 3441 433 3511 quod
446 3457 474 3491 ea
492 3435 660 3509 quorumdem
711 3432 797 3485 oculos
807 3432 882 3485 luisse
892 3445 963 3506 putes
971 3434 1110 3499 ,adeosunt
1119 3434 1219 3486 similia.

74 3569 78 3574 ,
152 3516 337 3572 beneficiorum
351 3528 440 3569 natura
450 3514 499 3579 sit,
512 3525 601 3568 utnon
612 3531 659 3588 sp·
713 3509 756 3564 sic
767 3509 837 3562 enirn
846 3509 889 3562 ille
902 3528 932 3562 :s
947 3513 981 3564 At
990 3511 1012 3565 si
1023 3512 1154 3565 condoluit
1166 3524 1220 3565 ten·

152 3609 272 3670 presul,
287 3615 316 3649 es
326 3615 351 3647 v.
361 3615 386 3666 g.
398 3612 455 3664 que
466 3592 569 3646 silentio
580 3613 660 3649 eons-
711 3602 789 3642 tatum
798 3589 1002 3665 stigoreeorpus,
1016 3593 1068 3644 Ant
1078 3592 1142 3644 alins
1150 3609 1220 3644 cesus

151 3686 222 3740 tant,
235 3688 280 3728 ete.
711 3667 776 3721 lento
785 3679 808 3722 ts
818 3665 906 3720 adfixit
915 3667 1007 3732 ,habes
1017 3670 1061 3741 qui
1078 3669 1199 3722 Adsideat
1209 3708 1218 3731 ‚

186 3775 210 3807 n.
228 3751 302 3823 Quia
313 3754 392 3804 nimis
401 3753 614 3818 concupiscantur.
628 3753 659 3804 Ε.
710 3747 823 3800 lementa
831 3758 914 3821 peret,
924 3747 1051 3800 medicum
1064 3758 1145 3819 roget,
1157 3758 1219 3798 ete.»

153 3853 174 3885 e.
185 3831 272 3884 civitas
282 3847 289 3882 ε
300 3829 409 3901 ideoque
417 3841 476 3881 sunt
482 3829 625 3901 conspicua,
632 3830 661 3882 in
744 3826 767 3877 5.
774 3825 817 3876 Ac
831 3825 990 3878 salselles
1004 3824 1080 3876 verbs
1098 3824 1149 3875 duo
1164 3843 1217 3874 non
1306 3873 1309 3887 ,

152 3909 410 3980 oeulosseiuqerunt.
710 3898 1219 3975 habebanturinplerisqueesesuplsrilsus

186 3989 210 4039 3.
221 3987 464 4058 Inqnamordecim.
473 3985 515 4039 sc.
522 3985 624 4039 ordines
631 3987 659 4038 in
709 3978 796 4045 Pina,
806 3993 830 4033 et
839 3979 923 4033 obesse
934 3993 1060 4052 poterant:
1069 3978 1113 4030 sed
1123 3991 1219 4032 exstant

152 4062 269 4129 thestro,
296 4062 404 4134 ideoque
431 4062 539 4132 equitem
565 4063 659 4115 iecisse.
710 4057 738 4112 in
749 4059 821 4112 codd.
834 4060 915 4134 pelet
925 4059 1092 4125 Nae-,etlerri
1103 4071 1215 4130 possunt.

153 4141 219 4211 lege
230 4139 321 4192 Roscia
333 4137 463 4201 theatrali,
474 4138 522 4191 lats
533 4139 585 4190 sL
596 4140 659 4190 Ros·
740 4138 764 4190 6.
782 4137 924 4192 Montensis
946 4147 1081 4192 constaret.
1102 4139 1141 4192 Ex
1160 4151 1217 4211 apto

152 4217 191 4269 rio
202 4217 306 4271 Othone
314 4217 371 4270 trib.
384 4215 417 4290 pl
428 4236 449 4268 a.
463 4217 494 4268 U.
504 4217 534 4269 C·
543 4215 593 4270 666
602 4235 659 4268 san·
709 4228 819 4288 tempore
831 4215 957 4288 penderet
