2976 4944
233 565 237 578 ¹
298 481 343 546 se
596 476 664 544 ne
688 478 1070 548 rnovrnunrm

296 609 383 680 Vide
402 633 503 703 quam
521 609 589 679 alte
608 610 817 682 adscendere
838 611 961 680 debeat
979 613 1087 680 virtus
1099 639 1107 677 ε
1120 611 1205 680 scies
1227 609 1278 677 illi
1303 629 1372 674 non

286 751 359 827 'per
369 750 493 794 secura
508 726 701 796 vadendum
719 753 804 796 esse.

410 868 500 923 Ardua
512 869 592 941 prima
607 870 646 922 via
660 873 716 922 est¹
737 892 744 934 ;
758 883 782 922 et
795 871 894 943 quavis
904 891 978 923 mene
990 885 1101 926 recentes

413 953 549 1006 Enitantur
562 955 620 1026 equi
632 973 639 1006 ε
652 955 738 1008 medio
752 969 788 1009 cst
799 955 919 1008 altissime
930 955 1009 1018 crelo;

413 1037 489 1090 Unde
501 1057 570 1091 mare
583 1051 607 1090 et
618 1051 693 1092 terras
704 1040 750 1113 ipsi
762 1039 826 1092 mihi
837 1059 901 1114 saepe
914 1039 1001 1093 videre

413 1123 456 1176 Fit
466 1124 560 1188 timor,
574 1136 597 1177 et
607 1123 699 1198 pavida
711 1125 818 1197 trepidat
830 1124 969 1178 formidine
982 1137 1084 1198 pectus:

415 1207 511 1259 Ultima
523 1225 602 1276 prona
613 1207 655 1259 via
667 1221 718 1274 est,
734 1221 758 1259 et
770 1203 827 1280 eget
838 1209 1012 1261 moderamine
1024 1222 1099 1260 certo.

412 1291 485 1342 Tunc
497 1290 589 1354 etiam,
605 1309 661 1362 quse
673 1311 713 1343 me
723 1291 842 1362 subiectis
857 1291 1048 1366 excipitundis,

413 1375 454 1426 No
464 1376 530 1427 lerar
540 1374 566 1426 in
579 1394 705 1449 praeceps,
717 1376 812 1449 Tethys
823 1377 886 1429 solet
899 1377 952 1451 ipse
963 1375 1054 1430 vereri.

177 1557 180 1564 .
256 1521 273 1573 9
298 1499 378 1570 Haec
391 1521 496 1588 quum
510 1496 660 1565 audisset
675 1497 731 1564 ille
746 1503 946 1590 generosus²
961 1495 1181 1578 adolescens,
1202 1525 1217 1560 e
1235 1498 1369 1580 Placet,

274 1614 430 1710 inquit,
452 1613 526 1696 via,
547 1612 715 1698 escend03
744 1631 795 1682 est
819 1617 902 1682 tanti
928 1641 991 1709 per
1015 1617 1078 1684 ista
1101 1608 1177 1683 ire3
1201 1640 1332 1683 casuro.
1355 1643 1371 1678 n

298 1731 374 1796 Non
393 1727 518 1796 desinit
533 1723 545 1770 ⁴
560 1752 673 1796 acrem
685 1731 840 1807 ‚animum
854 1747 946 1798 metu
966 1733 1124 1799 territare
1144 1758 1151 1796 ε

415 1872 499 1943 thue
512 1873 578 1924 viern
592 1885 677 1925 teneas
686 1911 693 1938 ,
703 1873 824 1945 nulloque
835 1894 917 1928 errore
929 1875 1034 1928 treberis
1045 1913 1051 1940 ,

417 1954 466 2007 Per
478 1969 562 2008 tamen
573 1955 671 2009 adversi
681 1957 802 2028 gradieris
814 1977 908 2010 cornua
919 1957 1012 2022 Tauri,

416 2039 603 2110 AErnouiosque
613 2060 700 2103 arcus,
714 2041 869 2112 violentique
881 2061 926 2094 ora
937 2041 1037 2094 Leonis.

300 2161 379 2228 Post
402 2161 476 2230 haec
492 2164 540 2230 ait
559 2189 566 2228 :
588 2162 699 2256 lunge
718 2161 814 2232 datos
829 2188 975 2232 currus:
998 2163 1053 2230 his
1068 2163 1193 2256 quibus
1208 2163 1378 2231 deterreri

218 2357 222 2364 ‚
302 2303 356 2346 me
371 2275 492 2372 puta's,
513 2281 637 2348 incitor
650 2307 657 2346 :
672 2279 756 2348 libet
766 2280 837 2349 illic
852 2297 960 2362 stare,
977 2280 1036 2350 ubi
1052 2283 1123 2374 ipse
1142 2282 1190 2350 sol
1207 2279 1375 2376 trepidat:

301 2395 440 2463 humilis
460 2412 494 2463 et
515 2397 634 2464 inertis
657 2413 707 2464 cst
732 2413 802 2464 tuta
823 2397 944 2464 sectari
961 2425 970 2482 3
990 2421 1054 2489 per
1071 2397 1139 2464 alta
1165 2400 1272 2464 virtus
1296 2391 1358 2464 ⁵it.

266 2542 275 2575 ι
352 2514 410 2578 VI.
443 2539 458 2576 u
477 2512 595 2604 Quare
622 2528 735 2579 tamen
762 2512 860 2580 bonis
885 2513 967 2580 viris
992 2514 1120 2606 patitur
1143 2513 1274 2606 aliquid
1299 2511 1379 2580 mali

243 2699 247 2712 ,
304 2631 397 2700 Deus
414 2630 490 2697 lieri
502 2631 516 2696 Ρ
530 2657 546 2692 n
564 2629 626 2698 llle
641 2653 721 2698 vero
737 2653 805 2696 non
822 2629 962 2722 patitur.
984 2628 1108 2697 Omnia
1124 2624 1236 2696 mata⁶
1255 2629 1299 2697 ab
1313 2629 1381 2696 illis

305 2747 472 2829 removit,
492 2746 620 2814 scelera
635 2763 669 2814 et
683 2745 811 2838 flagitia
827 2797 835 2826 ,
854 2760 888 2812 et
901 2747 1123 2838 cogitationes
1137 2744 1328 2839 improbas,
1347 2761 1382 2814 et

309 2937 396 3009 giuem
406 2936 475 2990 duxit
484 2958 513 2989 ex
524 2937 655 2989 elementis
663 2937 819 2990 melioribus.
902 2937 925 3002 A.
934 2935 994 2988 Non
1004 2939 1105 2991 desinit.
1115 2937 1224 2990 Phoehus
1236 2958 1321 2990 acrem
1329 2941 1384 2990 oni·

347 3033 367 3064 t.
385 3015 483 3066 Ardua
497 3019 586 3083 prima
606 3019 652 3068 uia
665 3027 711 3068 est.
726 3017 819 3066 Versus
868 3013 1385 3084 mmnPhaetbontis.Sequentestresver-

311 3091 368 3142 noti
379 3104 474 3144 exstent
482 3092 549 3165 apud
563 3093 639 3144 (lvid.
652 3093 820 3164 Metamorph.
870 3111 910 3144 sus
920 3091 1017 3145 ibidem
1030 3109 1125 3146 exstant
1138 3113 1176 3162 79.
1189 3114 1225 3164 sq·
1238 3093 1321 3164 Signa
1335 3093 1383 3143 tria

310 3167 354 3232 ll,
366 3167 413 3233 bb,
429 3189 485 3241 sqq.
498 3170 532 3224 de
545 3171 711 3223 Phaethonte.
726 3173 759 3238 (r.
772 3171 822 3222 Re-
873 3191 885 3222 e
898 3171 1023 3234 Zodiaoo,
1033 3172 1110 3234 tauri,
1121 3171 1258 3244 sagittarii(
1269 3189 1385 3222 accussa-

311 3257 402 3309 centes,
411 3246 504 3320 quippe
512 3249 616 3301 Oceano
627 3249 674 3300 loti
686 3247 823 3301 ambrosia·
874 3248 968 3322 gitterii
986 3247 1105 3301 AEmouii
1123 3269 1142 3300 s.
1163 3247 1282 3300 Centauri
1299 3246 1387 3298 'l'hes-

313 3345 362 3394 que
373 3337 512 3396 essumpta,
527 3324 727 3397 ideoquequiete
739 3325 787 3378 usi·
802 3325 824 3378 3·
875 3325 950 3390 salia,
970 3339 1012 3378 aut
1034 3325 1158 3378 AErnonia
1174 3325 1240 3390 orti)
1260 3337 1284 3375 et
1302 3323 1385 3376 leonis

314 3405 353 3456 Ex
371 3423 422 3472 qua
442 3401 575 3456 altitudine
595 3415 700 3455 cunctor
717 3422 767 3474 proe
788 3401 827 3458 li-
876 3403 1029 3457 Phaethonti
1044 3405 1155 3457 obviain
1167 3403 1257 3456 itinere
1268 3402 1336 3455 suo?

315 3500 387 3532 more
401 3479 536 3552 despicere.
554 3485 576 3535 5.
597 3481 700 3534 Ultimo
711 3501 766 3552 pers
780 3481 827 3533 sire
911 3486 934 3536 5.
948 3482 1014 3535 Post
1022 3482 1122 3536 hoecait
1122 3519 1161 3532 .....
1163 3486 1191 3534 r't.
1207 3481 1388 3538 EthaecSene-

317 3558 439 3630 demergit
450 3571 474 3610 et
483 3559 604 3622 inclinat,
616 3579 693 3629 quum
702 3559 741 3612 sol
750 3568 788 3610 cst
801 3559 827 3610 in
879 3579 927 3626 cae,
941 3580 993 3612 non
1008 3572 1103 3633 poette,
1114 3573 1181 3612 suut.
1198 3561 1272 3632 Apud
1287 3573 1390 3627 poetam

318 3653 417 3688 occasu.
432 3654 454 3712 ¹2.
473 3638 528 3709 lpsa
545 3638 640 3706 Tethys
655 3638 753 3690 Oceani
766 3658 829 3690 uxzsr
880 3638 951 3690 enim
959 3636 1123 3689 Phaethontis
1132 3639 1261 3710 responsio
1271 3639 1390 3691 mittitur.

319 3714 409 3786 excipit
417 3714 550 3776 Phoebum;
562 3715 579 3768 i,
588 3737 610 3767 e.
619 3717 747 3768 descendit
755 3715 832 3769 Phoe·
881 3715 956 3766 Tales
966 3713 1143 3788 explicationes
1152 3736 1217 3784 saepe
1228 3716 1317 3787 adjicit
1327 3717 1393 3770 Nos-

320 3793 406 3846 busin
420 3811 504 3856 mare,
522 3793 617 3844 occidit
632 3793 679 3846 sol.
693 3795 832 3866 Desumpta
881 3805 918 3844 ter
929 3791 1054 3855 versibus,
1068 3793 1239 3868 quosepoetis
1247 3794 1393 3846 adduxerat.

322 3871 412 3924 fictioe
424 3869 586 3922 vitaheroum
598 3871 642 3941 qui
654 3871 764 3924 amicum
773 3891 833 3924 con·
916 3869 961 3920 Vl.
972 3873 1040 3922 Arte.
1049 3872 1113 3922 Eam
1122 3871 1155 3923 ob
1163 3892 1262 3924 causern
1273 3872 1342 3924 viros
1351 3873 1398 3925 bo-

323 3950 470 4015 venientes,
485 3961 527 4000 aut
546 3971 558 4001 e
573 3949 643 4000 bello
657 3949 788 4001 redeuntes
801 3949 833 4000 ab
884 3967 930 3999 nos
946 3949 996 4021 peti
1009 3947 1090 4012 mala,
1104 3965 1132 4002 ut
1149 3949 1256 4002 doceant
1272 3962 1391 4012 creter0s3

325 4026 610 4082 ancillislavabenturet
619 4026 835 4079 ministrabantur.
884 4038 909 4077 et
922 4025 979 4098 ipsis
992 4025 1141 4078 discendum
1151 4039 1200 4090 est,
1215 4047 1244 4078 ea
1254 4026 1318 4078 bene
1326 4027 1392 4100 pati:

359 4107 687 4160 mGenerosusodolescens.
696 4105 835 4157 Phaethon.
885 4104 937 4156 nati
950 4103 1019 4154 euim
1033 4119 1092 4156 sunt
1103 4105 1129 4156 in
1145 4105 1278 4176 exemplar.

360 4185 384 4236 3.
397 4184 463 4236 Hac
478 4203 609 4252 quornm...
619 4201 720 4238 casuro.
732 4182 835 4235 Senecae
918 4181 942 4232 b.
955 4181 1055 4234 Omnia
1067 4185 1151 4236 mola·
1172 4183 1237 4251 Quae
1251 4183 1350 4256 proprie
1358 4183 1397 4236 sic

328 4275 398 4324 sunt,
412 4281 464 4314 nou
477 4259 575 4312 Ovidii.
887 4257 936 4310 dici
950 4272 1086 4312 merentur.
