2978 4942
426 391 527 461 urs.
552 393 628 482 rr,
655 395 762 464 aar.
791 392 874 462 xa.
1041 471 1043 475 ,
1127 397 1193 462 ⁵25

116 523 292 594 cultatem.
315 527 437 594 Utrum
455 523 567 592 bonus
580 524 634 592 vir
648 539 715 607 est,
736 546 781 592 an
803 523 938 592 malus?
954 523 1047 618 apud
1066 524 1194 594 bonum
1219 547 1236 600 3

113 644 231 711 virum
247 641 371 734 muana
398 629 533 711 causam
548 641 659 712 babeo
676 667 684 708 z
703 640 795 736 apud
812 640 938 710 malum
956 665 1026 710 non
1042 635 1121 738 ago.
1142 645 1195 710 Ne

115 755 207 825 illud
232 756 372 851 quidem
397 758 550 825 existimo
573 755 786 840 laciendum,
812 773 851 826 ut
878 756 1009 826 referre
1027 745 1190 852 gratiam,
1222 837 1223 842 ἵ

104 875 224 942 ‘etiam
243 875 359 942 invitis
375 875 430 944 bis
447 875 572 967 quibus
591 873 752 958 refertur,
773 897 1018 970 properemus,
1037 889 1073 942 et
1084 875 1194 942 inste-

116 1014 197 1060 mus
215 989 467 1061 recedentibus.
483 994 560 1062 Non
577 1007 629 1061 est
641 992 773 1061 referre
786 993 951 1084 gratiam,
969 989 1062 1083 quod
1075 991 1194 1060 volens

116 1111 314 1204 acceperis,
334 1108 464 1178 nolenti
482 1108 641 1179 reddere.
657 1109 829 1204 Quidam,
849 1133 955 1202 quum
971 1107 1113 1201 aliquod
1125 1109 1194 1178 illis

116 1225 260 1292 missum
274 1237 325 1291 cst
344 1210 602 1308 munusculum,
621 1222 767 1292 subinde
782 1222 878 1293 aliud
891 1223 1129 1317 intempestive
1141 1248 1194 1292 re-

115 1341 276 1423 mittunt,
295 1353 331 1407 et
348 1339 436 1408 nihil
455 1339 633 1409 sedebere
650 1355 830 1409 testantur.
846 1339 1061 1433 Rejiciendi¹
1083 1363 1192 1435 genus
1216 1349 1234 1416 ⁴

115 1474 189 1541 est,
199 1460 355 1552 protinus
363 1457 458 1526 aliud
468 1459 614 1526 invicem
626 1460 779 1543 mittere,
792 1475 826 1528 et
839 1483 963 1527 munus
978 1482 1119 1528 munere
1131 1483 1191 1530 ex-

114 1597 286 1670 pungere.
309 1573 501 1666 Aliquando
526 1590 560 1642 et
581 1599 651 1643 non
667 1573 809 1643 reddam
827 1575 1055 1658 beneficium,
1086 1599 1192 1668 quum

113 1694 245 1788 possim
267 1719 275 1759 ε
291 1691 429 1786 quando
442 1694 457 1760 Ρ
469 1693 498 1760 si
509 1691 587 1785 plus
600 1692 685 1760 mihi
698 1691 913 1761 detracturus
932 1716 1004 1775 cro,
1021 1716 1125 1785 qnam
1139 1693 1190 1760 illi

115 1808 328 1897 collaturus3
349 1811 377 1878 si
394 1808 454 1877 ille
479 1832 549 1878 non
573 1810 640 1877 erit
662 1833 823 1877 sensurus
839 1808 944 1876 ullam
963 1810 1192 1878 accessionem

116 1941 259 2020 recepto
274 1950 332 2009 eo,
350 1951 417 2018 quo
432 1924 584 2008 reddito,
601 1925 687 1993 mibi
701 1925 844 1994 multum
857 1925 1092 1997 abscessurum
1109 1926 1188 1994 erit.

117 2043 193 2135 Qui
221 2043 356 2111 festinat
383 2043 503 2134 utique
528 2039 695 2126 reddere,
726 2067 797 2110 non
815 2041 919 2111 habet
935 2045 1086 2111 animum
1103 2044 1191 2136 grati

116 2160 289 2244 bominis,
310 2157 371 2227 sed
384 2159 561 2228 debitoris.
579 2161 621 2226 Et
633 2173 673 2225 ut
685 2157 849 2240 breviter,
866 2159 927 2249 qui
942 2158 1043 2226 nimis
1056 2159 1123 2226 cito
1136 2181 1192 2226 cu·

116 2275 173 2368 pit
182 2273 329 2356 solvere,
342 2275 469 2343 invitus
478 2269 582 2340 debet
594 2298 602 2338 :
615 2272 676 2363 qui
687 2270 812 2338 invitus
823 2267 944 2355 debet,
957 2273 1114 2366 ingratus
1122 2285 1186 2340 est.

155 2536 178 2569 r.
189 2502 431 2588 Rejiciendigenns.
442 2517 487 2570 Sic
496 2516 553 2568 cod.
565 2517 628 2567 Nar.
673 2516 784 2582 sitiendi
793 2516 912 2584 signant,
924 2526 948 2568 et
956 2535 1015 2568 mox
1025 2534 1121 2568 munus
1133 2536 1192 2569 mu·

116 2608 143 2646 et
150 2595 242 2648 ceteri.
253 2596 307 2649 Nec
315 2597 455 2668 quidquam
462 2609 550 2648 mutes.
562 2593 629 2647 Vin·
677 2611 736 2646 nere
751 2611 910 2664 expugnare.
924 2592 1030 2662 Alioqui
1049 2612 1135 2646 sensus
1154 2593 1191 2646 est

116 2685 187 2726 cent.
199 2673 292 2728 bellov.
304 2674 322 2726 l.
334 2674 411 2743 ΗΧ,
425 2675 471 2728 roll
479 2673 554 2727 babet
563 2693 569 2727 :
577 2673 628 2726 lle·
677 2673 775 2726 obvius.
