2978 4942
376 513 473 580 nra.
500 463 570 597 ri,
597 514 712 580 car.
739 513 909 582 xxxv,
1107 517 1174 610 517

95 665 206 734 quare
224 665 293 710 uon
313 639 474 714 deberem
491 641 585 710 dare.
606 641 704 734 Quid
722 645 834 727 enim,
852 645 880 712 si
897 643 988 737 quod
1005 642 1058 712 illi
1071 644 1175 740 polli-

95 757 186 824 oitus
204 779 300 842 sum,
317 758 429 849 patria
447 755 513 824 cibi
531 781 586 824 mc
606 755 688 824 dare
700 757 867 849 jusserit?
883 759 919 828 si
937 758 991 826 lex
1009 758 1074 826 lata
1093 761 1171 842 erit,

96 897 143 941 ne
156 871 194 940 id
206 873 386 964 quisquam
403 871 524 954 faciat,
542 871 634 964 quod
647 896 711 966 ego
725 897 779 940 me
792 874 901 941 amieo
916 897 991 942 meo
1006 873 1174 942 facturum

96 989 324 1082 promiseram
339 989 353 1056 Ρ
368 989 511 1057 Promisi
525 989 587 1056 tibi
602 988 707 1056 filiam
721 991 757 1056 in
772 991 1024 1058 matrimonium
1036 1019 1045 1074 3
1059 991 1176 1084 postea

99 1107 305 1200 peregrinus
320 1105 506 1199 apparuisti
524 1131 531 1172 :
548 1127 617 1173 non
631 1121 682 1174 eat
695 1107 781 1173 mihi
800 1131 876 1175 cum
893 1123 1031 1175 externo
1046 1131 1177 1176 connu-

99 1221 232 1289 bium¹.
258 1218 386 1289 Eadem
409 1244 465 1288 reo
490 1245 543 1289 me
570 1221 745 1306 defendit,
771 1247 846 1314 quae
871 1228 997 1290 vetat².
1016 1225 1116 1290 Tunc
1131 1223 1174 1290 fi-

99 1337 181 1407 dem
199 1336 331 1420 fallam,
352 1353 434 1406 tunc
452 1338 685 1406 inconstantiae
701 1340 831 1406 crimen
846 1339 999 1422 audiam,
1022 1341 1050 1408 si
1069 1364 1175 1432 quum

100 1454 217 1521 omnia
248 1453 365 1521 eadem
395 1453 487 1538 sint,
523 1479 598 1546 qum
626 1469 724 1522 erant
757 1456 975 1548 promittente
1005 1479 1084 1536 me,
1106 1480 1176 1524 non

99 1571 292 1666 praestitero
324 1572 526 1664 promissum
551 1597 559 1638 ε
588 1571 741 1664 alioquin
762 1570 932 1664 quidquid
950 1587 1113 1656 mutatur,
1132 1572 1178 1640 li-

99 1685 269 1756 bertatem
296 1687 379 1755 facit
400 1685 443 1754 de
469 1689 603 1780 integro
621 1685 819 1755 consulendi
834 1679 862 1774 ³,
882 1702 917 1754 et
936 1711 990 1755 me
1009 1687 1078 1756 fide
1096 1688 1180 1756 libc-

100 1816 156 1870 rat
165 1795 194 1869 ⁴.
207 1802 353 1869 Promisi
364 1799 621 1870 advocationem
633 1793 645 1835 ⁵
664 1829 671 1868 ι
686 1816 802 1894 postea
818 1803 997 1895 apparuit,
1011 1826 1073 1895 per
1087 1802 1180 1871 illam

101 2026 163 2080 dcrn
188 2027 308 2081 materiae.
325 2027 404 2088 Varia
425 2025 539 2100 exempla
557 2046 620 2079 enu-
669 2027 791 2080 assentior
804 2029 954 2099 Fergusono
968 2028 1014 2082 lib.
1030 2029 1042 2080 l
1060 2029 1180 2084 Historia

101 2117 194 2176 metat,
207 2106 236 2158 in
248 2107 339 2182 quibus
349 2105 478 2180 promissis
492 2126 544 2158 non
556 2119 620 2158 stare
669 2105 818 2158 incrementi
828 2117 852 2159 et
864 2106 957 2160 excidii
969 2106 1041 2186 lieip.
1052 2106 1128 2160 Rom.
1141 2107 1182 2158 in·

101 2185 182 2251 licet,
197 2197 223 2236 et
233 2184 412 2256 dogmasuum
423 2183 526 2258 repetit,
539 2195 621 2235 muta·
668 2194 793 2257 terpretat.
806 2202 919 2256 german.
930 2205 954 2257 p.
968 2203 996 2255 ¹7
1009 2196 1032 2236 et
1045 2202 1107 2237 roa:
1121 2205 1180 2238 narn

101 2263 175 2315 tione
195 2281 281 2316 rerum
297 2281 370 2334 posse
388 2260 479 2314 mutari
500 2260 620 2333 sapientis
669 2260 702 2312 de
720 2259 839 2314 omnibus
852 2259 960 2314 coloniis
976 2263 1028 2326 (dc
1040 2262 1133 2333 quibus
1148 2265 1180 2315 cl.

103 2341 252 2396 eonsilium.
669 2337 788 2394 Heincco.
807 2336 933 2408 antiquit.
946 2357 1044 2391 roman.
1052 2339 1087 2400 ‚ad
1098 2339 1181 2392 instit.

142 2440 164 2472 1.
183 2417 246 2472 Non
265 2429 304 2471 est
324 2419 392 2470 milri
391 2455 442 2470 ......
458 2416 620 2470 connubium.
671 2413 1181 2490 Appendl,LXXVlsq.p.393sq.)rcrn

105 2496 184 2552 Cives
204 2515 324 2549 romanos
343 2508 442 2557 tantum
457 2495 524 2548 cives
537 2513 622 2550 roma·
670 2491 704 2544 ita
714 2512 739 2544 se
748 2491 862 2546 habuisse
869 2489 1055 2549 affirmaurnon
1062 2494 1151 2547 ausim.

105 2595 153 2628 nas
167 2574 397 2636 inmatrimonium
405 2575 497 2628 ducere
505 2572 623 2648 potuisse,
704 2587 728 2622 a.
741 2569 848 2622 Eodem
862 2589 902 2624 m
918 2591 960 2624 me
980 2573 1109 2642 defendit,
1123 2591 1183 2641 quoe

105 2653 240 2708 notissima
260 2673 298 2706 res
316 2667 359 2707 est.
377 2652 514 2706 Concessio
536 2663 622 2710 tamen
672 2654 751 2699 vetat.
763 2646 904 2718 mequod
916 2667 956 2700 me
967 2647 1072 2722 impedit
1081 2647 1184 2719 quomi-

105 2734 231 2804 justarum
250 2732 395 2806 nuptiarum
409 2751 467 2784 eum
487 2730 622 2806 peregrino
672 2742 720 2775 nus
734 2722 781 2775 sili
796 2723 855 2775 dcm
872 2724 1012 2797 promissa,
1029 2724 1079 2777 hoc
1096 2743 1137 2776 me
1151 2721 1183 2776 ab

106 2809 150 2862 vel
167 2809 302 2884 peregrina
322 2823 377 2884 post
397 2809 502 2864 seneen
519 2808 625 2860 demum
673 2801 745 2853 omni
758 2801 832 2877 culpa
848 2801 945 2854 liberat
958 2803 1049 2856 lusons
1062 2815 1085 2854 et
1101 2802 1184 2854 inno-

106 2901 223 2961 tempora
233 2886 349 2940 invaluit.
365 2887 404 2941 cf.
416 2887 549 2941 llcincccii
560 2889 624 2938 An·
673 2877 744 2945 sius,
763 2879 822 2932 lieet
836 2879 956 2948 pollicitis
976 2901 1030 2933 non
1051 2879 1161 2932 steterim
1175 2917 1183 2944 ,

105 2965 155 3035 tiq-
166 2985 230 3019 rona
239 2965 272 3017 ad
285 2965 368 3018 instit.
381 2965 405 3027 l,
423 2985 460 3017 ro.
475 2963 553 3033 Quod
564 2983 625 3016 sero
673 2956 790 3022 ambulo,
800 2956 860 3028 quia
867 2969 931 3010 stare
940 2977 984 3030 per
992 2959 1119 3010 fortunam
1130 2977 1184 3010 uon

108 3044 210 3117 Lipsius
223 3043 255 3097 sd
268 3043 295 3096 h.
308 3043 325 3095 l.
337 3042 483 3110 contendit,
498 3043 623 3096 Senecam
673 3034 753 3089 licuit.
819 3035 822 3040 ’

108 3125 188 3178 etiam
199 3125 276 3177 iirissc
287 3124 452 3198 peregrinum
466 3161 473 3188 ,
489 3123 516 3175 in
535 3141 566 3175 eo
581 3121 624 3174 de·
708 3113 732 3166 3·
744 3113 790 3164 De
811 3115 908 3184 integro
927 3113 1084 3166 consulendi.
1107 3113 1140 3164 H.
1162 3132 1185 3164 e.

109 3202 196 3256 sidero
207 3201 261 3273 sius
277 3200 401 3273 judicium
413 3241 421 3267 ,
435 3220 514 3273 quum
526 3239 534 3266 ,
553 3199 625 3271 quod
672 3191 809 3246 eonsilium
820 3190 1026 3263 redintegrandi3
1038 3191 1129 3243 iterum
1141 3191 1185 3243 de·

110 3299 190 3333 sencn
207 3279 252 3332 illc
265 3277 361 3350 alioqui
375 3279 534 3331 venerandus
547 3277 625 3349 probe
671 3270 813 3335 libestudl,
832 3270 905 3341 quasi
923 3288 963 3321 reo
978 3269 1077 3342 integra
1094 3271 1159 3321 loret
1177 3307 1185 3336 ,

109 3360 202 3424 scirit,
217 3359 314 3412 Seneca
325 3358 473 3412 muneribus
486 3357 626 3410 ethonori·
673 3371 757 3422 neque
782 3369 897 3422 unquam
922 3351 950 3402 in
976 3348 1185 3402 deliberationem

110 3439 158 3492 bus
172 3437 313 3515 officiisque
324 3437 440 3490 civilibus
454 3435 537 3489 omnis
547 3454 625 3507 genc—
673 3430 760 3482 missa.

109 3516 146 3570 ris
164 3516 327 3582 sunctussit,
345 3532 403 3584 qua
418 3526 504 3566 umen
521 3511 627 3565 nonnisi
707 3512 731 3576 4.
749 3505 788 3559 Et
813 3525 855 3559 me
860 3507 920 3576 fide
939 3507 1041 3559 liberas.
1058 3505 1185 3559 Omnium

110 3595 142 3647 in
153 3593 236 3647 civem
246 3613 382 3650 romanum
390 3591 509 3645 eccidisse
522 3602 625 3644 constat.
675 3587 749 3641 codd.
763 3599 787 3639 et
801 3585 859 3638 edd.
872 3586 947 3639 lectio
960 3599 1018 3640 ante
1031 3587 1185 3654 Erasmum,

112 3670 237 3724 Corduba
245 3683 329 3729 autem
337 3709 343 3734 ,
351 3671 420 3723 unde
428 3669 525 3723 Seneca
536 3668 627 3721 oriun-
676 3662 933 3737 quiTullianaphrasi
941 3663 1059 3735 conjecit,
1068 3674 1188 3717 etmeam

113 3750 162 3802 dus
173 3749 239 3812 tuis,
258 3761 315 3800 crat
322 3747 424 3801 colonia
436 3747 540 3821 patricia
556 3745 628 3812 (Pti-
668 3746 757 3815 fidem
774 3743 874 3796 liberat·
897 3739 980 3794 Fides
1002 3752 1038 3792 est
1059 3741 1188 3792 interdum

113 3827 161 3880 nio
172 3839 233 3879 teste
245 3828 279 3878 N.
293 3825 327 3880 H.
339 3825 393 3889 lll,
409 3841 418 3874 r
431 3825 457 3892 ),
468 3825 576 3896 ideoque
587 3843 629 3876 co·
677 3821 844 3895 promissum,
856 3831 979 3891 quatenus
979 3820 1053 3890 fides
1063 3830 1098 3870 est
1110 3818 1136 3871 id
1146 3819 1188 3872 cni

112 3903 303 3958 leniacisitatis
315 3921 444 3970 romanae,
460 3921 511 3974 qua
524 3902 629 3974 quidem
679 3897 806 3963 confidas,
815 3917 859 3950 seu
868 3895 996 3950 considere
1005 3895 1084 3948 soleas
1096 3896 1188 3968 possis·

112 3983 204 4037 relicta
224 3981 310 4035 coloni
334 3981 441 4034 llornam
462 3979 567 4032 reduces
590 3981 629 4052 jus
680 3996 744 4048 que3
758 3977 892 4030 deducitur
904 3987 988 4028 autern
998 3970 1188 4041 abteol.rrs‘csse,

113 4058 235 4132 suffragii
260 4057 436 4130 ctllronorurn
460 4058 629 4132 petendorum
679 4059 742 4116 πῖτις
750 4092 757 4119 ,
772 4073 832 4107 cum
849 4053 1017 4123 aspiratione,
1031 4063 1059 4103 ut
1076 4053 1108 4104 sit
1119 4052 1191 4104 idcnr

114 4147 289 4191 exercuerunt.
303 4135 477 4204 Quamobrem
495 4135 593 4187 Seneca
604 4153 630 4192 sc
680 4133 748 4202 qnod
756 4134 842 4194 πίστις.
849 4131 954 4184 Salmas.
962 4129 993 4181 de
1001 4128 1077 4181 Usur.
1087 4149 1188 4200 apua.

115 4217 171 4287 ipse
192 4232 291 4267 novum
308 4211 440 4266 hominem
463 4213 531 4284 apud
549 4211 631 4266 Tacit.
680 4210 766 4264 Grav-
777 4208 810 4261 ad
825 4199 884 4261 Cic.
893 4206 924 4258 de
939 4207 993 4258 Off.
1008 4207 1035 4272 l,
1049 4225 1071 4274 7.
1115 4273 1118 4280 1

115 4294 180 4347 xlv
190 4291 285 4347 Annal.
303 4291 335 4344 53
346 4289 490 4365 appellavit.
502 4290 630 4343 Hactenus
714 4290 737 4341 5.
759 4287 876 4340 Pmmmi
892 4285 1093 4339 advocationem.
1111 4282 1145 4335 ll.
1168 4301 1191 4334 e.
