2976 4944
496 467 674 538 CAPUT
701 467 768 538 lvi
1137 467 1175 534 31

112 611 170 664 cst.
189 601 308 668 Mouet
325 600 527 684 cerebrum,
545 603 582 670 iu
599 620 702 670 vanas
714 611 844 668 mentes
864 597 1029 689 imagines
1040 610 1178 678 *erocum

113 714 252 784 multum
275 718 368 787 inter
391 719 512 790 fulsum
534 742 575 788 ac
594 741 712 788 verum
734 713 854 784 mediae
879 713 1035 808 caliginis
1052 711 1177 782 fundit.

115 827 244 918 Quidni
258 833 366 900 satius
382 833 448 914 sit,
483 845 682 924 perpetuam
700 829 931 900 infelicitatem
950 850 1025 918 quae
1042 825 1183 896 advocat

116 943 158 1010 ad
173 946 358 1030 virtutem,
378 948 563 1029 sustinere,
585 969 685 1039 quam
707 945 850 1018 infinitis
872 960 974 1035 atque
993 941 1182 1012 immodicis

116 1059 214 1128 bouis
235 1063 374 1154 rumpi?
396 1064 520 1133 Levior
539 1062 659 1155 jejuno
682 1084 772 1132 mors
790 1075 841 1128 est
864 1058 1061 1130 :cruditate
1081 1057 1182 1128 dissi-

117 1171 236 1242 liunt¹.
254 1179 350 1246 Hunc
365 1176 479 1268 itaque
486 1176 651 1246 udonem
658 1175 715 1244 Dii
729 1189 919 1266 sequuntur
928 1173 965 1242 in
978 1171 1076 1240 bonis
1084 1171 1180 1254 viris,

116 1311 220 1380 quum
233 1289 270 1356 ln
289 1288 464 1382 discipulis
476 1291 546 1360 suis
561 1302 787 1382 preceptores
804 1313 812 1352 :
832 1287 891 1379 qui
908 1286 985 1378 plus
1000 1284 1125 1352 laboris
1138 1281 1183 1352 ab

116 1405 171 1474 his
188 1406 352 1499 exigunt,
370 1408 406 1476 in
420 1406 545 1498 quibus
558 1406 684 1474 certior
698 1427 775 1498 spes
792 1419 855 1472 est.
879 1400 1053 1494 Numquid
1075 1416 1112 1470 tu
1129 1401 1185 1468 in·
1210 1426 1237 1462 ιι

115 1520 206 1588 risos
223 1544 297 1590 csso
309 1517 573 1590 Lacedaemoniis
588 1519 713 1591 liberos
727 1543 805 1592 suus
820 1517 955 1601 credis,
971 1539 1114 1610 quorum
1129 1539 1184 1584 ex·

115 1639 299 1730 periunurr
315 1637 463 1706 indolem
475 1636 612 1732 publice
631 1635 830 1706 verberibus
847 1635 1015 1706 admotis?
1028 1634 1096 1727 Ipsi
1109 1633 1184 1701 illus

116 1769 235 1847 patres
250 1753 495 1837 adhortantur,
520 1769 559 1826 ut
582 1755 669 1825 ictus
688 1753 899 1847 flagellorum
923 1753 1056 1824 fortiter
1070 1750 1185 1844 perse·

117 1885 214 1952 rnut,
230 1885 266 1938 et
278 1869 406 1938 laceros
422 1893 462 1938 ac
480 1869 694 1942 semianimes
709 1883 854 1963 rogant,
875 1881 1095 1961 perseverent
1110 1864 1186 1935 rul-

117 2011 205 2056 nera
211 1986 367 2080 praebere
373 1985 603 2058 vulneribus&
614 1984 709 2076 Quid
719 1987 841 2056 mirum
853 2034 863 2072 ,
876 1984 997 2054 aidure
1007 1969 1187 2077 generosds

116 2103 261 2196 spiritus
275 2103 367 2172 Deus
380 2101 511 2168 tentati
526 2102 717 2194 Numquam
734 2101 871 2170 virtutis
888 2099 989 2171 molle
1007 2099 1187 2170 documen·

119 2233 192 2288 tum
206 2231 270 2286 cst.
292 2217 459 2286 Verberat
475 2235 539 2288 uos
556 2231 591 2284 et
604 2216 731 2286 hcorat
747 2209 1093 2308 fortunazpatiamur!
1110 2215 1186 2284 Non
1213 2256 1242 2291 ῃ

119 2345 172 2398 cst
188 2331 317 2398 saemtia
338 2356 347 2394 ε
367 2343 538 2398 certamen
556 2343 632 2413 ‚cst3
653 2353 721 2420 quo
738 2329 861 2422 saepius
883 2325 1088 2410 adierimus,
1116 2327 1186 2393 for·

119 2448 224 2514 tiores
241 2447 381 2516 emmas.
403 2441 612 2516 Solidissima
634 2467 714 2537 pars
732 2460 784 2514 est
805 2445 979 2538 corporis,
1001 2468 1101 2537 quam
1119 2443 1189 2512 fre·

120 2583 231 2650 quens
247 2585 329 2630 usus
342 2559 494 2651 agitavit.
516 2557 696 2628 Praebendi
711 2558 853 2628 fortune
868 2581 1003 2640 sumus,
1020 2571 1189 2626 utcontra

119 2675 227 2766 ipsam
244 2673 290 2741 ab
309 2675 383 2766 ipsu
406 2672 582 2742 duremur.
608 2671 774 2744 Paulatim
791 2695 852 2744 uus
872 2671 936 2740 sibi
955 2694 1057 2764 porea
1072 2670 1185 2738 saciet.

119 2793 360 2884 contemptum
387 2787 616 2882 periculorum
639 2785 817 2856 assiduitas
838 2784 1055 2879 periclitandi
1079 2783 1185 2854 dabit.

120 2906 178 2975 Sic
195 2921 277 2974 sunt
299 2905 444 2972 nauticis
461 2925 603 2996 corpora
622 2900 762 2968 ferendo
783 2901 869 2968 mari
891 2899 1000 2982 dura,
1032 2899 1191 2993 agricolis

123 3043 244 3088 manus
259 3018 361 3086 sritae.
380 3015 431 3085 dd
449 3013 650 3084 excutienda
667 3014 732 3084 tela
746 3013 912 3084 militares
922 3013 1039 3082 lacerti
1053 3012 1189 3095 valent3

123 3134 229 3228 agilia
248 3149 328 3204 suut
343 3130 495 3202 membra
517 3127 724 3200 cursoribus.
747 3126 787 3195 ld
809 3127 846 3196 in
871 3151 1007 3218 quoquc
1031 3125 1194 3196 solidissi-

125 3277 220 3320 mum
245 3265 321 3334 est,
342 3247 434 3342 quod
452 3248 615 3318 exercuit.
643 3243 698 3316 Ad
723 3243 1003 3316 contemnendam
1029 3245 1197 3316 mulorum·
1221 3270 1251 3322 ,3

126 3368 334 3464 potentiam,
349 3367 481 3436 animus
493 3363 656 3456 patientia
667 3359 824 3454 pervenit
838 3385 845 3420 ε
862 3383 938 3452 quae
951 3356 1036 3450 quid
1047 3359 1084 3428 in
1097 3358 1194 3428 nohis

128 3581 198 3614 rnen
215 3561 268 3634 tegi
285 3573 308 3612 st
321 3557 474 3612 defensatis
490 3555 578 3609 bruma
590 3590 597 3616 ‚
611 3565 638 3604 ιιι
687 3571 726 3624 ps.
739 3552 833 3603 Sensus
850 3570 910 3602 vcro
921 3562 974 3602 cst:
986 3545 1015 3602 si
1032 3548 1092 3620 quid
1109 3561 1196 3602 contra

129 3650 155 3691 ct
172 3638 251 3691 hodie
269 3636 336 3711 apud
350 3657 396 3688 nos
416 3656 459 3710 par
469 3634 638 3708 hypocausta,
689 3629 799 3682 edictum
811 3628 904 3681 medici
912 3626 1129 3690 manducaverint,
1143 3625 1195 3678 dis·

129 3729 220 3769 notum
231 3721 274 3767 cst.
282 3713 393 3767 Martial.
409 3713 454 3765 lib.
462 3712 540 3776 vm,
553 3710 639 3782 Epigr.
688 3707 777 3759 siliunt
795 3706 828 3758 ob
846 3705 993 3758 cruditatem
1015 3704 1083 3768 cibi,
1102 3704 1195 3775 qualis-

130 3809 195 3847 m:
209 3818 223 3841 ι
236 3792 336 3845 Pallida
357 3809 390 3842 nc
410 3789 521 3842 Cilicum
537 3787 641 3839 timeant
690 3803 797 3856 cumque
812 3785 915 3837 demum
930 3796 973 3835 aut
985 3780 1195 3852 quantuluscum-

132 3871 244 3945 pomaria
261 3870 394 3932 brumam,
412 3864 529 3919 Mordeat
538 3875 641 3916 etteno-
691 3883 740 3934 que
751 3863 795 3914 illc
806 3861 889 3914 fucrit.

133 3971 191 4002 rnna
207 3949 300 4002 sortior
315 3967 375 4000 aura
393 3965 499 4010 nemus,
522 3940 644 3996 Hibernis
726 3962 749 3993 a.
771 3942 934 3993 Per-sererent
955 3942 1065 3992 uulnera
1085 3937 1199 4006 praebere

134 4029 232 4100 objecta
251 4026 326 4080 Notis
347 4025 484 4099 specularia
500 4039 576 4095 puros
590 4017 645 4071 Ad·
693 4019 851 4073 vulneribus.
875 4017 931 4068 Hoc
951 4027 1005 4080 cst,
1019 4015 1127 4067 lacerata
1147 4014 1197 4086 jam

136 4108 238 4159 mittunt
247 4104 328 4171 soles,
342 4116 367 4155 et
383 4103 437 4155 sinc
449 4103 509 4156 iaecc
521 4101 599 4154 diem.
612 4100 645 4149 At
694 4094 858 4161 vulneribus,
879 4093 971 4167 passim
996 4103 1068 4166 rupta
1087 4091 1201 4143 membra

137 4185 202 4238 milri
213 4183 277 4238 cella
287 4181 378 4246 datur,
391 4191 437 4232 etc.
452 4201 466 4226 n
694 4170 798 4245 flagellis
815 4170 925 4244 prebere
943 4180 1102 4241 perseverent
1114 4208 1121 4233 ‚
1142 4187 1199 4242 qnip

174 4279 184 4313 r
197 4259 333 4314 cndisan
341 4260 482 4311 dissiliunt.
492 4253 568 4327 AEgri
573 4271 648 4306 nern-
696 4269 762 4302 nora
773 4249 877 4302 vulnera
891 4247 1023 4301 incutiant.
