2966 4948
476 419 777 492 PRAEFATIO.
1095 422 1161 490 253

79 549 233 612 Venetus.
260 547 463 630 Summopere
485 551 621 632 gaudeo,
644 551 727 631 quod
753 546 891 636 Hcynius
916 567 1003 612 mem
1022 547 1164 633 precibus

81 655 166 717 bisce
192 668 294 718 motus
314 674 438 715 omnem
458 674 544 716 suam
566 675 694 739 operam
714 655 925 738 impensurum
938 647 1068 739 benigne
1088 654 1164 717 mihi

82 761 240 844 pollicitus
253 760 309 837 sit,
324 773 358 821 ut
373 772 444 822 voto
458 780 528 822 meo
545 759 670 842 potirer.

123 865 199 928 Alia
213 886 283 950 spes
294 867 404 928 eodem
413 864 478 928 lere
492 878 631 949 tempore
645 865 721 928 mibi
734 865 848 930 attutsit
859 887 876 930 c
886 865 982 928 literis
991 864 1073 929 Abb.
1083 865 1164 926 San-

85 973 188 1034 tolonii
199 973 239 1034 ad
251 968 426 1033 Fesslermn
437 967 475 1032 S.
487 967 530 1030 V.
545 970 636 1048 datis,
653 985 789 1046 exstare,
804 973 1026 1049 nuntiantibus,
1052 971 1085 1032 in
1106 968 1166 1032 Bi-

86 1077 196 1140 bliotb.
211 1079 301 1142 vatic.
316 1075 425 1143 Romae
439 1091 569 1160 quatuor
584 1079 672 1142 codd.
686 1100 759 1142 mss.
774 1079 925 1157 noudum,
938 1092 972 1140 ut
983 1079 1035 1142 ille
1048 1098 1165 1140 asseve-

86 1185 192 1263 rabat,
207 1206 225 1247 a
241 1205 395 1268 quoquam
412 1183 557 1262 collatos,
573 1185 658 1268 cujus
670 1197 773 1248 tamen
787 1186 894 1249 asserti
910 1185 1001 1248 iidem
1024 1185 1165 1266 equidem

86 1305 232 1374 praestare
247 1313 310 1354 non
324 1291 431 1354 ausim.
443 1289 530 1353 Nulli
543 1290 643 1354 labori
655 1313 706 1356 me
720 1312 881 1375 parsurum
893 1313 976 1370 esse,
990 1292 1063 1353 utin
1076 1313 1164 1352 usum
1223 1284 1226 1290 ’

86 1411 227 1460 nnstnrm
251 1395 430 1461 Lectionem
453 1397 622 1460 variantem
645 1397 763 1460 existis
789 1399 876 1461 codd.
897 1417 970 1460 mss.
991 1410 1165 1480 excerptam

87 1517 277 1582 convertam,
292 1507 355 1587 jam
368 1522 458 1588 snpra
473 1504 612 1568 indicari.
627 1503 704 1568 Sunt
717 1518 818 1567 autem
831 1504 899 1568 hice
910 1527 917 1563 ι

126 1631 176 1674 nr.
194 1633 294 1690 aaot,
311 1624 451 1675 constans
464 1633 552 1696 pagg.
571 1634 648 1690 ιιι,
663 1610 913 1674 membranaceus
933 1611 964 1672 in
979 1609 1075 1687 solio,
1097 1609 1164 1672 ele-

169 1731 278 1802 ganter
292 1731 323 1781 et
336 1719 495 1781 emendate
513 1732 650 1782 exaratus
663 1739 730 1782 saec.
749 1716 848 1790 XIII,
866 1719 990 1802 adjectis
1005 1739 1023 1779 e
1039 1717 1164 1801 regione

169 1815 367 1886 Lectionibus
384 1823 485 1886 variis.

128 1951 176 1992 nr.
193 1952 291 2009 2212,
308 1943 448 1993 constans
462 1928 646 2018 paggadl,
663 1928 836 1992 membran.
849 1930 881 1992 in
891 1929 946 1992 sol.
957 1949 1086 2014 magno,
1103 1929 1165 2013 api-

171 2035 258 2099 cibus
276 2036 316 2096 ad
337 2034 491 2119 gothicum
510 2034 613 2096 stilum
632 2035 844 2118 vergentibus,
866 2035 899 2096 in
919 2032 1110 2109 Germania,
1134 2046 1167 2094 ut

171 2141 312 2218 videtur,
328 2154 467 2202 exaratus
480 2140 566 2200 initio
581 2138 682 2202 saculi
695 2138 781 2214 XV,
799 2139 963 2202 initialibus
975 2138 1078 2201 'literis
1091 2159 1166 2202 auro

170 2245 329 2328 minioque
344 2243 461 2306 affabre
476 2244 601 2328 depictis
614 2264 632 2305 a
647 2264 766 2306 summo
781 2245 819 2306 ad
834 2243 950 2307 calcem
963 2258 1134 2307 exornatus.

129 2376 179 2416 nr.
196 2349 296 2431 2216,
312 2365 452 2415 constans
461 2371 549 2435 pagg.
565 2349 623 2413 118
633 2351 909 2428 ,membranaceus
922 2351 955 2412 in
969 2351 1062 2430 lolio,
1074 2352 1167 2414 nitide

173 2473 204 2522 et
217 2459 372 2542 eleganter
386 2469 524 2520 exaratus
538 2479 606 2520 saec.
616 2455 708 2518 XIV.

128 2587 176 2627 nr.
190 2563 290 2650 4498,
304 2576 545 2646 constans-pagg.
565 2562 642 2642 114,
662 2563 912 2627 membranaceus
925 2562 957 2624 in
971 2564 1011 2640 4,
1030 2578 1168 2628 exaratus

173 2691 245 2734 soec.
256 2669 328 2732 XV.

130 2776 253 2840 Omnes
271 2790 374 2840 autem
396 2777 430 2838 bi
448 2776 568 2841 codices
590 2789 655 2838 turn
676 2775 779 2839 collati
797 2790 863 2839 tum
886 2777 1021 2840 nondum
1041 2777 1166 2855 collati,

89 2900 240 2968 quauttun
264 2885 424 2969 comperi,
449 2883 569 2946 titulum
591 2883 727 2967 opusculi
750 2897 859 2967 gerunt
879 2907 887 2947 a
907 2883 1005 2944 Ladan
1021 2885 1057 2944 de
1075 2885 1170 2946 Morte

91 2993 212 3053 Cluttdt'a'
225 2991 366 3066 Coesttns,
379 2989 499 3068 nulius,
515 2990 597 3072 quod
611 2989 719 3067 sciam,
731 2979 993 3061 dnoxoloawraiucur
1002 2989 1170 3074 inscriptio-
1190 3041 1195 3052 .

90 3122 166 3162 nem
180 3098 302 3162 exbibet
318 3123 325 3160 :
342 3119 436 3181 quare
449 3118 507 3161 nec
526 3097 602 3159 mibi
622 3098 870 3162 committendum
884 3113 983 3176 ratus,
1005 3111 1038 3158 ut
1051 3097 1110 3160 boc
1129 3098 1171 3158 ti-

88 3207 157 3269 tulo
168 3205 348 3290 opusculum
363 3205 558 3289 insignirem,
574 3226 657 3282 cam,
674 3206 707 3266 in
720 3205 861 3268 omnibus
875 3207 941 3268 edd.
952 3203 1170 3270 recentioribus

89 3313 238 3390 obviam,
254 3312 416 3375 delendam
428 3312 517 3396 jussi,
535 3311 688 3376 codicibus
702 3313 814 3398 quippe
828 3315 925 3397 magis
943 3333 1034 3394 qttam
1054 3313 1172 3393 conjec-

89 3435 169 3480 turae
183 3417 233 3481 vcl
245 3417 327 3480 baud
340 3417 536 3503 improbabili
551 3417 813 3502 obtemperaturus
824 3443 831 3478 ι
844 3418 955 3502 quippe
968 3439 1034 3500 qum
1049 3417 1089 3480 ab
1098 3417 1171 3480 Adr.

90 3527 207 3588 Jnna'o·
232 3526 368 3609 prosecta
391 3537 445 3587 cst.
464 3521 528 3606 Qui
550 3546 645 3608 quum
669 3526 750 3608 apud
768 3522 904 3588 Dionem
927 3521 1107 3597 Cass.1.X,
1131 3518 1171 3584 35

91 3639 192 3693 extr.²
213 3631 351 3717 legisset,
370 3630 519 3695 Senecam
537 3646 676 3694 nostrum
690 3631 722 3693 in
745 3629 866 3696 Claudii
887 3645 1018 3694 mortem
1034 3629 1173 3692 libellum

93 3736 227 3799 edidisse
239 3735 296 3798 sub
308 3736 395 3798 tinulo
407 3729 668 3809 deambulandum
680 3737 701 3798 i.
713 3759 741 3800 e.
752 3735 926 3799 mutationis
934 3736 965 3796 in
976 3733 1172 3810 cucurbitam,

94 3861 159 3924 quo
173 3842 270 3906 verbo
285 3843 325 3905 ab
341 3866 378 3906 eo
398 3847 437 3908 ad
456 3843 629 3930 analogiam
644 3842 732 3907 verbi
747 3843 917 3928 pervulgati
927 3847 1138 3912 ἀπαθανατίσιως
1152 3842 1172 3902 i.

136 4013 146 4044 ¹
159 4009 199 4064 Cf.
212 4010 254 4082 Ei.
265 4013 404 4066 Animadv.
421 4033 449 4076 ι,
464 4033 507 4084 17,
519 4014 547 4068 in
558 4014 661 4068 Gruteri
674 4014 800 4089 Lampadc
810 4014 864 4068 crit.
876 4013 935 4068 Vol.
947 4015 983 4066 lV
993 4052 1001 4077 ,
1012 4033 1037 4086 p.
1048 4013 1095 4080 342
1107 4033 1144 4084 sq.

134 4105 148 4134 ²
160 4102 248 4157 Verba
261 4103 354 4158 Dionis
364 4118 425 4158 suut
434 4104 518 4160 becce
528 4124 535 4160 ι
545 4108 657 4164 zedim
667 4109 708 4176 ple
717 4109 761 4177 γὰρ
770 4107 932 4170 ια1ὅΣιιίιας
943 4103 1072 4175 σῦῃμμμ
1085 4096 1180 4158 deraso-

96 4193 262 4262 leuiorem,
274 4198 346 4263 atet,
359 4200 436 4269 ὅσπιρ
446 4200 498 4254 neb
510 4201 694 4266 ἀπαθανιίιιιιι,
705 4199 826 4268 ὀνομάσας.
