2976 4950
429 525 524 595 LIB.
552 525 635 612 111,
662 523 770 591 CAP.
801 519 953 590 XXVI.
1159 514 1223 600 4⁴¹

155 647 296 748 publica
314 653 515 724 crudelitate
532 655 649 731 mitem
666 651 814 721 inveniri
834 699 844 733 ,
869 647 910 715 in'
927 645 1065 740 publica
1083 637 1230 738 perfidia

158 770 427 863 fidelemtquum
438 770 577 864 praemia
589 765 793 863 proditionis
806 765 959 860 ingentia
970 767 979 800 ¹
992 759 1225 844 ostendantur,

157 889 338 983 praemium
354 887 455 970 fidei,
478 902 620 956 mortem
639 883 908 978 concupiscere?

210 1002 338 1070 XXVI.
355 1001 471 1070 Nostri
490 1001 605 1068 saeculi
624 999 778 1092 exempla
796 1020 865 1065 non
882 993 1076 1089 praeteribo.
1090 991 1162 1063 Sub
1171 991 1230 1062 Ti·

158 1116 259 1186 berio
272 1118 406 1186 Caesare
421 1117 488 1184 fuit
498 1116 681 1184 accusandi
693 1117 854 1212 frequens
867 1128 902 1182 et
913 1135 1008 1206 paene
1020 1111 1160 1205 publica
1172 1135 1230 1179 ra-

160 1234 273 1319 bies',
292 1258 368 1327 quae
390 1235 482 1304 omni
498 1235 591 1304 civili
615 1233 705 1302 bello
730 1234 867 1327 gravius
894 1245 1040 1326 togatam
1062 1231 1231 1300 civimtem

161 1339 344 1419 coniecit³.
367 1349 607 1443 Exeipiebatur
620 1349 795 1418 ebriorum
816 1369 938 1429 sermo,
962 1343 1158 1439 simplicitas
1174 1345 1232 1438 jo-

161 1465 337 1549 cantium3
354 1461 443 1532 nihil
456 1480 532 1532 erat
548 1479 658 1531 tutum
680 1489 687 1528 :
710 1461 819 1530 omnis
834 1459 995 1530 saeriendi
1009 1458 1166 1553 placebat
1180 1482 1234 1527 oc-

163 1583 270 1650 casio.
290 1583 361 1650 Nec
372 1583 445 1675 jam
462 1605 598 1650 reorum
618 1579 874 1674 exspectabatur
891 1593 1048 1662 eventus,
1063 1603 1169 1670 quum
1181 1602 1235 1646 es-

164 1714 217 1765 set
227 1722 328 1766 unus.
338 1697 502 1767 Coenabat
517 1697 641 1768 Paulus
656 1699 835 1791 praetorius
850 1697 887 1764 in
899 1694 1052 1764 convivio
1064 1693 1232 1787 quodam,

163 1817 349 1910 imaginem
360 1815 496 1886 Tiberii
509 1816 651 1886 Caesaris
661 1815 805 1898 habens,
817 1807 1001 1909 ectypam⁴,
1018 1829 1053 1881 et
1065 1813 1236 1881 eminente

166 1955 311 2026 gemma.
335 1935 421 2000 Rem
443 1933 687 2025 ineptissimam
704 1932 841 2018 fecero,
862 1932 891 2000 si
909 1953 1002 2000 nunc
1016 1929 1122 2000 rerba
1138 1953 1235 2024 quae-
1262 1967 1277 2000 2

118 2063 126 2078 ’
164 2040 290 2131 siero⁵‚
301 2047 585 2142 quemadmodum
599 2047 723 2132 dicam,
742 2048 839 2116 illum
856 2049 1025 2117 matellam
1039 2048 1231 2140 sumpsisse.
1335 2052 1339 2063 '

164 2163 272 2256 Quod
285 2165 410 2233 factum
423 2165 523 2233 simul
536 2180 571 2233 et
582 2157 703 2234 Maro⁶
717 2189 759 2233 ex
772 2167 863 2234 notis
878 2164 970 2234 illius
984 2165 1151 2258 temporis
1161 2187 1237 2233 ves·

166 2281 370 2374 tigntoribus
389 2285 530 2352 notavit.
551 2283 598 2352 At
617 2307 734 2364 servus
749 2282 823 2376 ejus
842 2283 897 2351 cui
916 2282 1139 2375 nectebantur
1156 2283 1238 2350 insi-

167 2398 256 2484 diae,
275 2402 308 2469 ei
327 2400 423 2469 ebrio
441 2402 605 2469 annulum
621 2401 783 2486 extraxi13
800 2417 835 2468 et
847 2425 951 2492 quum
965 2403 1064 2468 Maro
1079 2400 1238 2470 convivas

167 2533 372 2604 testaretur,
400 2515 569 2598 admotam
591 2541 665 2586 esse
684 2517 865 2610 imaginem
885 2516 1092 2600 obscoenis7,
1121 2515 1237 2609 etjam

167 2753 231 2788 vero
241 2734 406 2788 rariormulto
418 2734 451 2788 ob
461 2735 647 2800 turbasciviles,
657 2750 681 2788 et
763 2736 788 2802 4.
799 2737 936 2808 Eetypom.
949 2733 988 2786 lta
1004 2733 1069 2787 bene
1083 2755 1097 2787 e
1112 2747 1162 2788 vet.
1180 2734 1239 2790 libr.

167 2814 238 2884 qnod
244 2809 343 2886 publice
350 2813 612 2866 deterrimiservorum
618 2833 681 2887 prse-
729 2813 861 2879 Muretus,
874 2831 934 2864 nam
946 2824 971 2863 et
981 2812 1115 2886 codd.'pal.
1127 2833 1240 2866 cousen-

166 2891 229 2943 rniis
246 2891 426 2944 inducerentur
441 2893 472 2944 ad
485 2891 602 2944 dominos
620 2909 681 2959 pro·
729 2893 804 2946 tiunt.
827 2892 933 2966 vulgati
947 2903 1005 2945 ante
1016 2891 1160 2960 Moratum,
1178 2913 1200 2946 e.
1216 2913 1240 2947 c.

168 2971 269 3023 dendus
278 2970 317 3022 vel
328 2969 523 3024 occidendostet
532 2970 576 3042 qui
583 2971 682 3023 lecisset
729 2971 861 3038 humus,
870 2971 977 3024 retinent
987 2987 994 3022 ε
1003 2973 1241 3039 exswlptamemr'·

169 3068 199 3100 ac
208 3060 281 3121 capnt
289 3048 421 3116 retulisset,
431 3051 562 3119 praemium
569 3049 681 3124 capiebat
728 3062 803 3103 nente
810 3069 925 3119 gemma.
935 3049 1115 3118 -Ectypum
1127 3048 1240 3122 Expres-

169 3139 195 3178 et
215 3125 353 3180 libertatem
366 3139 391 3179 et
409 3127 475 3180 dena
489 3126 571 3180 millia
590 3126 680 3181 drach·
729 3147 783 3180 sam
795 3137 822 3180 et
834 3127 987 3200 effigiatam,
998 3127 1098 3181 tumeo
1110 3145 1116 3180 :
1126 3139 1186 3201 puto
1197 3147 1239 3181 au·

170 3225 270 3256 marum
290 3211 420 3271 (nostrat.
441 3206 606 3278 pecuniarum
628 3209 680 3260 lere
729 3218 781 3258 tem
799 3205 875 3259 luisse
891 3207 919 3260 in
935 3226 1036 3280 gemma
1051 3206 1189 3279 imaginem
1205 3206 1241 3260 ita

169 3281 249 3354 9,288
258 3283 301 3348 ir.)
314 3283 408 3335 viritim
419 3283 531 3356 itemque
544 3283 679 3339 civitatem.
729 3285 895 3359 insculptam,
910 3298 938 3338 ut
951 3286 1048 3357 reliqna
1061 3305 1169 3358 gemmte
1182 3305 1239 3359 pars

142 3433 147 3440 ι
171 3361 311 3434 Appianus.
729 3363 1239 3439 emineret‚bos·relies:etsiprobesciam
1283 3405 1287 3414 .

207 3457 231 3489 r.
246 3438 431 3494 Ostenduntur.
442 3441 518 3494 linet
530 3441 636 3514 eonjeet.
652 3441 680 3494 in
727 3441 803 3494 fuisse
815 3440 927 3513 gemmas
937 3440 1065 3495 interdum
1074 3443 1187 3516 opposita
1197 3463 1240 3496 ra·

171 3515 239 3567 notis
250 3535 307 3570 mss.
325 3536 332 3572 t
346 3519 560 3583 ostendebantur,
580 3532 681 3592 propter
728 3519 798 3573 tione
811 3519 966 3594 imaginibus
979 3519 1180 3594 prominentibus
1191 3541 1239 3574 or-

170 3593 285 3665 superius
296 3611 304 3647 e
314 3613 366 3664 quo
373 3605 438 3649 erut.
729 3612 811 3666 notas,
823 3598 980 3672 baut-reliefi

203 3673 299 3726 xxvi.
312 3679 383 3728 Atto.
396 3676 504 3730 Paulum
519 3676 679 3749 praetorium,
761 3679 785 3729 5.
805 3677 893 3729 Verbo
915 3680 1051 3748 quaesiero.
1068 3677 1107 3731 Ne
1127 3677 1237 3731 sordidis

170 3750 309 3824 imperante
321 3752 424 3807 Tiberio
442 3774 457 3806 a
471 3755 572 3808 servulo
587 3754 680 3809 callido
728 3753 823 3807 scilieet
832 3753 884 3806 illis
892 3766 916 3807 et
926 3754 1102 3808 communibus
1108 3769 1174 3821 utar,
1180 3777 1240 3810 mo·

169 3842 296 3882 serratum
309 3850 323 3884 a
337 3831 444 3885 crimine
456 3833 598 3905 majestatis.
729 3834 824 3897 tulum,
836 3833 919 3900 ἀμίδα,
931 3851 1040 3886 sumere.

205 3929 228 3960 a.
238 3908 294 3962 Sub
305 3909 447 3965 mereo...
455 3911 549 3964 rabies.
561 3910 626 3980 Quas
635 3931 681 3964 re·
762 3907 785 3960 6.
808 3908 897 3962 ittam.
911 3909 1050 3981 Nunquam
1062 3910 1093 3962 ab
1106 3909 1157 3963 alio
1168 3929 1238 3980 quo-

171 3988 245 4039 duets
261 3988 395 4060 majestatis
418 3989 473 4062 lege
491 3991 593 4044 initium
606 3990 680 4063 cepit.
729 4005 805 4056 quam
818 4001 907 4060 preter
917 4001 1030 4040 nostrum
1041 4001 1146 4041 vocatur
1156 3988 1184 4040 in
1196 3988 1237 4041 de-

168 4065 250 4117 'l'aeit
263 4067 355 4121 Annal.
365 4069 394 4132 Ι,
407 4088 437 4136 7²
446 4087 501 4138 sqq.
729 4064 850 4118 latoribus
864 4066 935 4118 istius
953 4066 1041 4120 atatis.
1057 4067 1171 4120 Testatur
1183 4087 1237 4120 rena

204 4143 228 4193 3.
243 4144 488 4218 Quoe.......corffecil.
502 4148 569 4200 Hine
578 4149 679 4200 Tacitus
730 4137 799 4197 Suet
809 4145 865 4198 Tib.
879 4147 925 4210 58,
937 4145 981 4198 ubi
995 4157 1019 4200 et
1028 4159 1113 4200 noster
1126 4147 1196 4200 loeus
1206 4147 1238 4201 ab

170 4239 257 4294 parem
271 4223 306 4274 ait
318 4225 408 4299 quovis
423 4224 490 4278 bello
506 4225 571 4280 lianc
585 4227 681 4280 saevio-
732 4225 906 4298 interpretibus
917 4225 1033 4280 admotus
1042 4238 1086 4280 est.

171 4319 224 4354 rem
235 4301 318 4356 luisse.
765 4323 787 4372 7.
801 4303 1099 4378 Obscoem's.·Supplet'td.
1112 4302 1239 4374 portibus.
