2966 4948
480 433 654 502 CAPUT
680 433 791 502 VIII.
1105 441 1165 504 281

94 562 205 632 Stoici
224 563 311 632 Dei:
333 563 425 655 (jum
443 561 569 652 video)
590 586 654 631 nec
677 587 757 644 cor,
785 586 850 632 nee
871 580 973 658 caput
991 559 1109 632 babet.
1128 603 1167 617 -

96 679 159 758 Si,
183 677 415 750 mitHercules
432 681 439 711 ¹
456 727 465 758 ,
493 701 513 744 a
530 679 676 746 saturno
696 679 837 769 petisset
854 679 920 746 boc
942 678 1169 760 beneficium,

98 793 200 886 cujus
227 815 374 862 mensem
396 807 465 861 toto
490 817 580 861 anno
606 792 791 861 celebravit
825 789 1043 887 (Saturnalia
1069 791 1172 886 ejus)

98 905 276 1004 princeps,
294 936 363 979 non
378 911 510 980 tulisset
523 910 620 978 illum
633 914 742 980 Deum
757 911 802 979 ab
814 913 909 994 Jove,
927 935 1047 1003 quem,
1065 935 1174 1003 qnan-

100 1045 175 1096 tum
196 1028 335 1120 quidem
360 1029 397 1094 in
415 1027 473 1095 illo
492 1027 577 1107 fuit,
601 1023 773 1096 damnavit
797 1029 929 1096 incesti.
959 1029 1000 1096 L.
1022 1028 1173 1096 Silanum

100 1147 195 1212 euim
211 1169 375 1239 generum
388 1167 485 1242 suum
499 1141 634 1212 oceidit.
652 1142 743 1224 Oro,
759 1159 900 1239 propter
915 1143 1024 1238 qnid¹
1046 1146 1061 1211 Ρ
1078 1169 1175 1214 eoro-

101 1327 617 1403 PlsysiolStoic.1,ll,occnrrerevixpo·
666 1323 714 1398 qui
731 1311 909 1401 quantum&
924 1329 1021 1404 Lipsius
1042 1328 1074 1383 ad
1093 1330 1173 1383 Tacit.

101 1421 210 1461 ruerunt
231 1425 239 1460 ε
257 1407 350 1479 qnippe
363 1406 407 1459 illa
419 1406 514 1460 comica
532 1424 541 1457 t
559 1408 617 1457 sine
665 1408 761 1460 Annal.
773 1409 825 1460 Xll
841 1445 850 1475 ,
874 1409 952 1476 deru-
967 1412 1068 1477 φαίη...
1078 1412 1173 1462 incesti.

102 1489 189 1555 cupite
202 1489 378 1557 simpatia,
399 1484 430 1537 ab
447 1483 515 1536 illins
533 1481 615 1556 operis
664 1485 779 1540 Gronov.
800 1487 899 1540 ibidem
919 1487 1019 1541 emend.
1033 1486 1176 1542 Simebee

102 1563 237 1615 severitate
247 1561 410 1616 nimisaliena
420 1561 522 1616 fuerim
532 1559 614 1612 cete·
661 1565 731 1616 cules
732 1601 805 1617 .........
827 1566 979 1630 celebravit,
1001 1585 1053 1618 mn
1074 1567 1176 1618 tulisses
1281 1597 1284 1604 ·

102 1661 163 1693 rum
183 1640 296 1694 Varroni
318 1639 374 1694 ltaec
398 1639 492 1692 dicenti
513 1639 614 1691 Hermte
662 1644 738 1695 illrsd.
749 1641 1176 1711 NedomubJove,quemetc.-

104 1739 164 1770 curn
185 1717 282 1793 Priapis
299 1716 517 1790 conjunctimque
535 1714 614 1788 capite
662 1718 713 1782 St,
735 1723 774 1771 mi
786 1719 930 1785 Hercules,
950 1733 996 1772 etc.
1018 1717 1090 1772 Alius
1114 1719 1176 1772 deos

103 1815 224 1872 peneque
236 1795 281 1848 toti
292 1809 433 1848 constantes
444 1793 568 1848 obversati
580 1791 615 1844 ri·
662 1795 746 1848 statim
771 1808 885 1869 occupat.
913 1795 1008 1850 Sensus
1027 1816 1089 1850 vero
1111 1810 1176 1850 est:

104 1876 208 1929 dentur.
222 1873 262 1928 Cf·
274 1873 383 1948 luterpp.
395 1873 427 1926 ad
438 1869 613 1944 Tbncdel,
664 1873 770 1926 Etiamsi
781 1874 903 1926 Saturnus
914 1911 921 1940 ‚
933 1874 977 1946 qui
986 1875 1009 1928 ei
1021 1876 1087 1927 lavet
1096 1912 1104 1939 ,
1113 1895 1177 1946 quo·

105 1975 147 2024 ³7·
665 1954 735 2006 niam
755 1954 920 2017 Saturnalia,
938 1975 968 2008 ex
985 1975 1036 2027 qno
1055 1957 1177 2029 Princeps

143 2051 165 2082 ι.
175 2029 219 2094 St,
236 2033 277 2082 mi
292 2028 432 2092 Hercules,
452 2039 498 2080 etc.
515 2025 577 2079 Haet
593 2037 618 2077 et
664 2047 743 2096 esset,
764 2034 902 2088 celebravit
915 2035 1037 2089 Claudius
1053 2037 1099 2104 (el.
1113 2037 1178 2090 Sne·

105 2130 165 2182 quse
181 2122 322 2180 sequnntur
339 2108 444 2180 abrupta
463 2118 540 2172 sunt,
566 2105 617 2157 alio
663 2122 717 2162 tou.
733 2111 823 2165 Claud.
839 2111 1098 2179 c.32‚33)‚atove
1114 2114 1177 2188 peti·
1228 2143 1232 2157 ·

106 2188 180 2241 aliud
190 2187 294 2240 Herculi
306 2185 439 2259 objiciente
448 2183 508 2238 :sed
517 2203 618 2256 corrup-
664 2187 753 2250 visset,
766 2199 795 2239 nt
805 2187 851 2240 iste
862 2184 933 2241 fieret
943 2189 1018 2252 deus,
1031 2209 1063 2240 ne
1073 2189 1114 2242 bic
1121 2189 1177 2260 qui·

105 2283 130 2321 ta
149 2288 252 2340 quoquc
269 2287 321 2319 esse
337 2264 509 2338 quivisvidet.
520 2265 566 2328 Si,
580 2265 619 2315 mi
667 2265 725 2317 dem
752 2264 819 2317 banc
840 2265 947 2338 gratiam
973 2266 1072 2319 tulisset
1095 2270 1177 2334 (itte,

107 2345 237 2398 Hercules
246 2344 308 2412 ,leci
319 2343 446 2414 evocibns
455 2341 617 2405 mehercules,
667 2364 758 2416 nempe
776 2344 914 2411 Saturnus,
932 2363 984 2397 non
994 2348 1110 2411 tulisset,
1126 2345 1143 2400 i.
1157 2365 1179 2398 e.

107 2423 204 2476 Kortio
226 2436 250 2474 et
270 2421 410 2494 Sonntagio
438 2419 619 2491 preeuntibus.
670 2441 724 2474 non
738 2421 900 2487 obtinuisset,
915 2423 1007 2490 illum,
1023 2421 1178 2488 Claudium,

111 2506 192 2567 Cissus
201 2522 315 2556 mensem
325 2514 447 2554 mutatum
455 2496 621 2554 volnitSchei·
670 2500 745 2552 deum
757 2498 888 2573 supplend.
900 2501 988 2566 esse):
1000 2521 1079 2569 quum
1087 2501 1180 2553 lovem

108 2585 180 2636 serus
191 2583 585 2652 intcujusmensom,utsuprac.
598 2577 622 2628 3.
669 2579 733 2632 adeo
743 2579 831 2632 incesti
844 2577 1020 2640 damnaverit,
1044 2580 1174 2633 interiecto

107 2661 222 2730 Reliqua
241 2679 341 2712 sensum
364 2677 483 2710 mancum
501 2654 621 2729 praebent.
670 2654 760 2708 Silano
777 2667 927 2728 propterea,
946 2654 1017 2725 qnod
1028 2656 1049 2707 is
1061 2655 1181 2708 adversus

111 2735 268 2790 coddmbit
278 2733 621 2808 juvantlleatnsllbemeud.
669 2732 776 2785 Juniam
789 2733 938 2798 Caluinam,
949 2753 1019 2788 suam
1030 2735 1107 2808 ipsius
1115 2754 1182 2788 soro·

111 2816 196 2866 Caius
211 2815 339 2884 princeps.
350 2812 443 2865 Juuins
458 2831 507 2864 ern.
521 2809 623 2862 Sutur-
670 2829 740 2875 rem,
753 2812 829 2864 verba
840 2810 961 2885 nuptialia
973 2825 998 2864 et
1010 2831 1098 2885 parum
1109 2824 1182 2864 canta

109 2895 222 2945 nolitins
235 2893 353 2960 prt'rtceps
370 2928 377 2955 ‚
395 2911 449 2942 non
467 2891 521 2942 sinc
538 2888 622 2959 aliqua
669 2887 813 2941 adhibuisse
836 2889 1038 2944 insimulabatur.
1058 2891 1122 2944 llaec
1143 2889 1182 2942 ui-

109 2971 213 3044 specie,
234 2969 303 3022 addit
316 2969 396 3022 Gron.
409 2968 508 3040 Lipsius
520 2966 621 3020 Satur·
670 2968 718 3018 mis
734 2967 839 3041 simplex
853 2981 877 3021 et
894 2969 994 3022 incauta
1009 2989 1089 3040 eoque
1103 2969 1183 3022 mali-

109 3053 187 3102 nulr'a
199 3051 254 3116 ejus
263 3045 370 3115 delevit,
382 3045 537 3098 adsentiente
551 3045 621 3096 Fro-
670 3065 728 3118 gnte
744 3046 945 3120 interpretationi
957 3048 1065 3101 obnoxia
1077 3067 1182 3100 consue·

109 3127 210 3180 mondo
229 3138 253 3177 et
271 3124 417 3188 Gronovio,
440 3123 483 3194 qui
503 3121 578 3175 etiam
595 3122 621 3174 sd
670 3125 732 3180 sudo
743 3138 767 3178 et
775 3128 932 3180 conversatio
942 3128 969 3180 in
980 3128 1076 3181 crimen
1086 3141 1182 3202 arrepta

107 3207 229 3274 princeps
243 3202 379 3254 delendum
392 3212 474 3252 censet
485 3200 552 3252 Jano
562 3198 623 3250 ttut-
671 3217 732 3257 esta
750 3205 855 3258 Vitellio
868 3245 876 3270 ‚
896 3206 1005 3260 Claudio
1021 3206 1129 3260 libenter
1142 3207 1181 3260 bis

111 3281 196 3354 genio
212 3293 348 3356 preeunte.
369 3278 485 3332 Fortasse
500 3277 570 3330 locus
586 3276 622 3328 sic
672 3282 892 3336 criminationibus
904 3284 1031 3357 prebente
1044 3305 1123 3338 aures.
1134 3286 1182 3338 Jo-

110 3357 278 3432 refingendua
287 3370 338 3410 est:
350 3355 396 3424 Si,
407 3359 447 3407 mi
457 3354 594 3416 Hercules,
603 3374 622 3405 a
671 3379 727 3410 vero
744 3372 826 3414 autem
843 3381 914 3414 suam
928 3381 1040 3415 sororem
1052 3345 1181 3416 Jnnnueni

110 3435 230 3488 Saturno
239 3439 347 3504 petisset
356 3434 402 3488 boc
411 3435 569 3503 beneficium,
580 3453 621 3485 cu·
670 3438 697 3489 in
705 3437 894 3490 matrimonium
905 3438 1003 3492 duxisse
1013 3452 1116 3492 constat.
1126 3440 1183 3492 Ta-

108 3525 153 3581 jus
158 3536 273 3570 mensem
280 3526 333 3568 toto
340 3535 409 3568 nmio
415 3516 623 3585 celebraer'wra'n·
671 3519 735 3571 citus
745 3518 822 3570 etiam
833 3518 925 3572 tonat.
938 3519 1003 3586 Xll,
1014 3520 1039 3585 4,
1053 3519 1084 3572 de
1095 3539 1124 3572 ea
1134 3537 1178 3573 ret

110 3615 185 3664 ceps,
203 3615 256 3647 non
272 3596 374 3647 tulisset
390 3596 466 3646 illum
482 3592 572 3646 Deum
586 3594 622 3646 ab
672 3597 851 3666 «fratrumque
864 3595 897 3662 (i.
910 3617 932 3649 e.
945 3595 1027 3649 fratris
1038 3609 1063 3648 et
1073 3597 1182 3663 sororis)

111 3674 196 3737 Jove,
207 3683 252 3726 etc.
265 3672 298 3724 ll.
311 3691 332 3724 e.
341 3691 395 3723 non
408 3691 492 3744 passus
504 3683 582 3739 esset,
596 3684 624 3724 nt
673 3675 853 3727 noniucustnm
861 3713 868 3737 ‚
877 3675 921 3726 secl
929 3673 1109 3728 incustoditum
1115 3692 1182 3726 amo·

110 3769 125 3802 a
137 3753 203 3804 Jove
214 3750 276 3804 deus
287 3752 364 3803 lactus
374 3763 452 3818 esset,
464 3763 510 3802 etc.
519 3752 550 3802 ln
558 3768 624 3802 enm·
673 3770 726 3804 rem
740 3750 772 3802 ad
783 3749 1010 3810 infamiamtraait.
1021 3771 1035 3796 »

112 3829 172 3882 dem
183 3829 395 3882 constructionem
404 3827 527 3881 inciderat
537 3827 624 3882 Ktele·
707 3849 730 3882 π.
743 3829 814 3894 Oro,
830 3840 936 3899 propter
944 3832 1011 3900 qsid
1017 3831 1033 3884 ?
1046 3827 1128 3882 Codd.
1140 3829 1182 3881 vel

111 3928 155 3960 rus
169 3907 277 3960 amiciss.
290 3905 461 3978 bennagius,
472 3916 519 3966 τοῖς
531 3904 625 3958 Satur·
676 3903 829 3977 Oropenque
840 3908 880 3959 vel
898 3907 952 3960 Oro
961 3927 1011 3976 per
1020 3907 1097 3975 quod.
1109 3906 1181 3956 Nos-

110 3989 187 4039 nulio
204 3992 258 4050 ejus
276 3985 376 4056 ejectis,
400 3985 553 4057 interpunxit
568 3997 623 4057 post
674 3996 736 4036 tram
744 3985 801 4038 lect.
810 3984 879 4037 dedit
887 3982 1182 4054 codeerenani‚qnam

112 4067 215 4115 tulisset
225 4062 323 4136 plenius
338 4076 429 4137 etpost
441 4063 623 4117 rucennintcr-
673 4063 780 4118 editores
795 4077 956 4138 receperunt,
969 4063 1053 4116 Hueto
1069 4063 1097 4115 in
1115 4061 1182 4114 notis

112 4163 169 4214 rog.
188 4154 281 4216 puncta
298 4143 381 4216 posuit
400 4160 407 4193 ε
431 4141 474 4194 ubi
490 4155 546 4214 post
557 4141 623 4194 Jove
671 4162 729 4194 mss.
747 4156 771 4195 et
787 4141 928 4214 Sonntagio
946 4140 1118 4214 probantibus.
1135 4141 1181 4192 Se·

112 4220 226 4292 intelligi
244 4220 316 4274 debet
327 4223 400 4292 fieri.
422 4221 502 4274 Codd.
519 4243 542 4272 e.
558 4220 582 4272 b.
597 4219 622 4272 b.
672 4221 774 4292 quentia
790 4233 848 4272 sunt
863 4218 1045 4274 obscurissima.
