2882 4946
296 456 365 528 266
442 423 521 523 'oc
544 452 742 524 mortun
765 453 991 550 casuum
1014 456 1203 529 nunus.

220 627 224 642 ·
242 598 245 604 '
295 609 365 658 non
376 581 620 668 indicaturum,
637 583 768 656 etiamsi
778 585 815 654 in
828 583 940 658 medio
952 586 1024 657 loro
1038 586 1212 660 hominem
1225 586 1363 660 vidisset

295 702 456 776 occisum·
468 699 522 772 Ab
534 699 601 778 boc
616 723 681 795 ego
695 725 908 796 quaecunquc
921 701 1051 787 audivi,
1070 721 1164 778 cortu
1177 710 1186 742 ¹
1203 704 1361 798 claraque

294 821 425 904 affero,
442 819 490 892 ita
504 817 604 888 illum'
615 817 744 888 salvum
758 833 794 888 et
809 818 943 892 felicem
959 819 1126 892 habcam’
1146 847 1155 892 z

334 963 375 1029 11.
414 962 490 1028 Jam
502 957 657 1032 Phoebus³
671 961 814 1028 breviore
825 961 892 1030 uial
906 963 1114 1029 contraxerat⁵
1126 977 1228 1028 ortum

414 1064 522 1149 Lucis,
537 1084 569 1132 et
580 1066 702 1132 obscuri
714 1063 891 1131 crescebaut
901 1062 1037 1130 cornua⁶
1048 1067 1170 1130 sonari:

410 1166 546 1252 Jamque
560 1189 649 1234 suum
661 1165 768 1232 victrix
778 1164 909 1250 augebat
921 1163 1071 1253 cynuatav
1086 1187 1235 1250 regnam.

387 1351 390 1358 Δ
413 1265 457 1334 Et
468 1269 613 1334 deformis
625 1265 736 1332 Hiems
748 1279 851 1351 gratos
863 1263 1028 1352 carpebat⁸
1040 1267 1173 1330 honores

292 1441 361 1506 lam,
377 1441 534 1498 solemnibus
544 1442 635 1496 verbis.
654 1439 802 1495 Sacerdotes
850 1439 1363 1510 mondiaordem,i.e.enrsom.8ieordem

292 1519 801 1596 olimrarbaconceperant,quoejurantea
849 1519 1361 1595 Diananoclunmcontmditapndorid.

290 1601 455 1672 pronuntiare
465 1600 559 1653 debinc
572 1599 706 1652 debebant.
849 1599 1159 1672 bletam.XV‚197.Huie
1169 1603 1364 1674 ergosullragor

327 1697 348 1730 ι.
367 1679 444 1734 Certo
458 1684 590 1750 claraque.
606 1680 650 1734 Sic
667 1680 707 1733 ed.
719 1698 801 1746 rom,
849 1676 970 1742 libenter,
981 1678 1032 1731 nisi
1042 1691 1085 1730 aut
1095 1678 1150 1731 vim
1160 1678 1306 1732 attrahendi
1317 1683 1362 1732 fa-

291 1771 316 1813 et
335 1761 484 1814 Rhenanus.
505 1761 562 1814 Hac
585 1773 669 1813 tamen
691 1759 801 1812 lectione
850 1754 1363 1810 ciendiveuoninusitatamverbicontm-

292 1835 408 1890 Gronov.
421 1858 474 1890 nou
491 1850 623 1891 contentus
640 1834 800 1890 emendavit:
848 1831 1050 1888 hereblvalere
1058 1847 1138 1908 putes,
1148 1845 1271 1886 utsensus
1281 1834 1325 1886 sit:
1333 1835 1362 1886 in

288 1921 359 1968 certa
371 1927 397 1968 et
406 1918 498 1979 claro,
513 1916 559 1968 etsi
570 1916 598 1968 in
610 1915 671 1990 ipsis
681 1913 799 1988 exemplis
849 1910 993 1985 angusb'ore
1007 1911 1064 1965 caeli
1071 1911 1150 1985 spatio
1159 1924 1244 1964 ortum
1254 1911 1317 1964 locis
1326 1915 1363 1964 l'e·

290 1991 367 2045 abeo
383 1992 464 2046 allatis
480 1994 614 2048 livianum
630 1994 661 2046 sit
676 2009 686 2046 .·
704 1992 801 2046 Omnia
848 1993 946 2054 cittaut
953 1989 1073 2062 explicare
1082 1989 1155 2042 malis
1166 2005 1228 2043 :una
1236 2009 1295 2042 cum
1305 1990 1364 2044 bre·

290 2088 343 2121 non
350 2072 494 2146 properanti
504 2075 580 2125 claro
588 2083 708 2140 certaque
718 2081 800 2124 erunt.
847 2069 919 2122 viore
929 2069 970 2121 via
982 2069 1030 2121 soli
1043 2066 1184 2121 emetienda
1198 2081 1283 2120 ortum
1294 2089 1363 2138 quo-

288 2148 370 2202 Hadr.
385 2149 479 2202 lunius
492 2163 517 2202 et
528 2151 652 2203 Gruterus
668 2148 800 2222 praetulere
849 2165 898 2216 que
909 2144 970 2198 lucis
983 2157 1153 2209 contraxerat,
1168 2145 1313 2200 breviorem
1323 2150 1364 2200 fe·

172 2245 176 2254 ’
289 2239 401 2279 nostram
409 2226 544 2280 lectionem
552 2225 626 2278 alteri
634 2246 641 2278 a
650 2229 801 2278 certatam.
848 2237 922 2277 cerat.
934 2227 988 2278 Nec
1001 2238 1105 2297 quartus
1112 2243 1210 2292 versus,
1218 2225 1301 2277 biemi
1311 2225 1363 2296 jam

289 2304 343 2358 Nec
361 2303 467 2357 discedit
485 2302 678 2357 Drakenborch.
696 2301 729 2354 ad
743 2302 801 2354 Liv.
847 2319 934 2356 menae
947 2304 1054 2356 Octobri
1066 2303 1139 2356 istam
1152 2303 1362 2368 deformitatem,

264 2405 267 2410 ·
290 2383 320 2452 l,
337 2385 366 2436 18
378 2379 439 2444 fin,
457 2380 503 2453 qui
514 2381 545 2434 de
555 2380 602 2434 har
614 2379 723 2433 formula
735 2380 800 2454 inpr.
848 2381 987 2451 etquidem
1005 2382 1033 2434 in
1048 2381 1122 2434 Italia
1142 2381 1272 2446 tribuens,
1296 2381 1364 2432 mibi

291 2463 425 2535 Augrrrum
440 2459 500 2531 egit.
847 2457 1000 2530 placettniai
1013 2458 1044 2511 de
1053 2458 1148 2534 pluviis
1158 2459 1364 2526 tempestatibus-

324 2558 347 2590 a.
358 2535 749 2609 Itaillnm....lsodeom.dppiae
756 2555 799 2588 cu·
838 2535 958 2608 'quehoc
971 2538 1033 2590 anni
1051 2549 1163 2610 tempore
1179 2536 1311 2590 interdum
1326 2537 1364 2589 ibi

290 2615 367 2669 ratori
384 2617 419 2668 ita
436 2615 581 2669 salutemet
594 2615 741 2668 {elicitatem
756 2633 802 2688 ap-
849 2605 1026 2688 ingruentibus
1035 2614 1178 2688 intclligere
1194 2615 1277 2672 malis.

290 2705 453 2766 precatur‚nt
461 2693 505 2746 ista
515 2692 547 2745 de
556 2691 660 2745 Claudii
669 2691 801 2744 divinitate
882 2691 907 2744 6.
928 2693 1041 2748 Comma.
1059 2693 1163 2765 Optima
1182 2706 1218 2744 est
1235 2693 1328 2758 lectio,
1348 2716 1364 2748 a

295 2781 321 2825 et
332 2772 360 2824 in
373 2771 463 2825 caelum
474 2770 595 2824 adscensu
607 2783 674 2823 certa
686 2769 802 2840 claraque
849 2767 930 2822 Beato
942 2768 1024 2823 liban.
1041 2770 1069 2822 ln
1091 2770 1166 2823 codd.
1177 2770 1366 2846 weissenburg.

291 2851 363 2904 abeo
377 2851 508 2903 denarrata
525 2861 615 2902 essent.
628 2849 657 2900 F
655 2850 803 2901 romundus.
850 2847 972 2916 inventa,
984 2862 1009 2901 et
1019 2849 1067 2924 ipsi
1083 2863 1149 2902 recte
1164 2851 1277 2922 probata.
1293 2852 1364 2905 Edit.

323 2931 356 2983 ll.
379 2934 448 2983 Atto.
470 2929 560 2982 Mortis
581 2941 678 2997 tempus
703 2927 801 3001 poetice
850 2945 916 2978 rum.
935 2925 978 2978 dat
993 2937 1128 2996 temporo,
1147 2945 1205 2998 quae
1226 2927 1365 3001 explicatio

292 3007 448 3062 describitur.
849 3012 892 3056 em
900 3023 998 3057 cornua
1013 3017 1057 3057 est.
1072 3005 1117 3058 Uti
1134 3005 1203 3058 enim
1222 3007 1304 3060 Luna
1316 3009 1365 3060 ad-

316 3081 803 3153 3Jodeoebus‚etcVersusquimeo·
849 3080 995 3134 scribuntur
1007 3099 1121 3148 conano,
1133 3081 1168 3134 ita
1177 3081 1204 3136 h.
1214 3082 1232 3136 l.
1242 3083 1363 3151 Somno,

290 3159 802 3234 semOctobrem,cujutdecimotertiodie
850 3156 1364 3234 utineremantaejuspototatisindicen-

293 3239 801 3309 Claudiusobiit,dcscribunt‚eodem‚i.e.
850 3247 899 3288 tur.

289 3319 481 3392 frigidospiritn
492 3316 802 3390 qquontaniJuliiver·
882 3331 907 3380 7·
920 3313 1048 3384 Regum.
1062 3311 1156 3370 Beatus
1168 3315 1218 3371 lib.
1231 3317 1260 3369 in
1273 3318 1364 3373 codice

290 3418 349 3463 ans,
360 3418 422 3470 qnos
432 3397 528 3452 Seneca
538 3398 566 3450 in
580 3395 660 3471 Epist.
670 3409 743 3449 cxxn
754 3435 762 3461 ,
772 3414 800 3447 ra
849 3413 895 3447 sno
916 3393 1048 3448 invenerat
1069 3400 1171 3466 lignum
1184 3435 1194 3464 ,
1214 3397 1284 3451 unde
1306 3419 1363 3453 non

291 3473 802 3550 attulit,pactisunt.Attameoabeodem
849 3472 1096 3526 coutentnslectionc
1105 3473 1272 3546 bona,quam
1280 3477 1364 3530 editio

291 3573 394 3625 quoquc
406 3553 529 3625 proiectos
540 3571 607 3618 esse,
622 3551 678 3623 quis
690 3572 802 3625 spopon·
848 3571 913 3605 roro.
924 3551 1000 3603 ollert
1012 3563 1036 3604 et
1047 3572 1134 3605 omnes
1146 3553 1221 3606 codd
1232 3554 1287 3606 noti
1298 3568 1363 3608 attu-

291 3628 376 3683 derit?
393 3629 530 3700 Dicmiam
546 3628 803 3694 breviorem,noctes
848 3629 949 3694 lerunt,
961 3629 1083 3701 &edom
1101 3631 1262 3684 scribendum
1275 3631 1366 3706 jussit.

291 3707 420 3781 longiores
435 3703 491 3760 lieri
499 3744 507 3773 ,
522 3706 691 3778 Hiememque
706 3725 803 3782 appro-
848 3705 988 3778 Eleganter
1000 3719 1084 3760 autem
1094 3747 1101 3775 ‚
1112 3706 1182 3762 addit
1192 3693 1284 3762 Baiias
1295 3709 1365 3776 itta,

291 3789 415 3864 pinquare
427 3789 539 3842 innuunt
549 3806 635 3840 versus
647 3803 655 3840 t
668 3786 712 3839 sed
725 3787 804 3839 verba
850 3798 924 3838 vocat
935 3783 1059 3858 lychnum
1072 3787 1167 3852 Imnae,
1186 3787 1257 3858 quod
1273 3787 1364 3842 alieno

292 3867 367 3943 paulo
387 3865 473 3920 durius
496 3864 563 3918 dicta
584 3863 666 3917 videri
689 3876 801 3938 possum.
849 3863 948 3916 lumine
968 3876 1059 3938 egeat,
1080 3885 1171 3939 nempe
1189 3863 1264 3918 Solis.
1288 3864 1362 3918 Bene

325 3948 349 4013 4.
369 3945 492 3999 Breviore
511 3946 566 3997 uia.
586 3941 703 3995 Fortasse
724 3955 802 3995 erat:
850 3941 1290 4018 etiamdiciposse‚docetpoetarum
1299 3963 1362 3996 usus

291 4025 409 4079 breviora*
419 4027 478 4076 vioe.
490 4021 531 4074 Ad
543 4018 643 4073 brevius
656 4019 704 4072 iter
717 4018 802 4072 orien·
849 4019 973 4092 lampadis
988 4033 1032 4074 etc.
1044 4021 1166 4092 Regnum
1181 4033 1266 4076 tamen
1277 4023 1363 4076 rnnlto

292 4115 343 4155 tem
353 4101 435 4153 locem
447 4099 540 4175 prodit,
553 4097 613 4151 oriri
622 4097 681 4150 lacit
692 4097 784 4151 lucem.
850 4093 989 4174 elegantius
997 4109 1042 4150 eat.

325 4183 349 4232 5.
363 4179 466 4232 ortum.
476 4180 573 4231 Omnes
583 4175 657 4232 codd.
669 4177 740 4230 dant.
748 4175 800 4232 Sed
880 4179 905 4232 8.
914 4175 1053 4248 Carpedot.
1065 4177 1229 4232 Nenbauerus
1240 4181 1365 4248 capiebat

293 4255 423 4330 probanda
438 4275 489 4310 csse
503 4257 604 4311 videtur
614 4255 714 4309 emend.
728 4255 800 4308 Fro-
848 4255 938 4310 maluit
949 4275 962 4310 e
974 4255 1042 4328 conj.
1054 4292 1063 4322 ,
1077 4258 1191 4311 offensus
1209 4259 1363 4332 repetitione
