2952 4938
433 463 527 544 otu.
554 463 783 556 V11,ct1³.
809 467 857 536 x.
1110 431 1176 536 oss

109 611 431 680 matronensem,
460 619 504 673 tte
527 599 691 676 adulteris
715 597 874 690 quidem,
896 595 974 690 plus
990 596 1043 664 sui
1062 596 1099 674 in
1116 617 1178 664 eu-

109 711 245 795 mue,
267 732 368 806 quse
386 716 423 782 sn
441 713 580 808 publico
596 715 786 790 ostendant.
1010 698 1013 704 ’

161 829 206 899 Χ.
230 855 247 892 n
263 827 358 920 Quid
374 828 466 922 egis,
485 830 645 903 uvetitie¹
659 827 895 920 ?quotre1'um
908 828 1181 904 ceritateeurum

44 925 49 932 ¹
111 961 208 1012 tuum
221 946 347 1020 elotum
361 947 560 1020 esstomnis
571 947 636 1017 ists
647 970 722 1037 quae
734 946 837 1022 retuli
855 947 892 1012 in
908 943 1035 1036 majore,
1049 942 1180 1017 honore

109 1063 292 1153 pretioque
305 1078 397 1134 sunt.
414 1065 514 1132 Nune
525 1062 602 1130 solo
613 1076 687 1135 tuns
704 1083 786 1154 opes
804 1082 1067 1154 recognoscere,
1084 1059 1181 1132 lemi-

109 1199 175 1244 nus
184 1181 197 1212 ²
207 1178 385 1268 utriusque
397 1177 566 1259 materie,
580 1175 624 1244 ud
635 1201 719 1269 quos
732 1176 900 1273 cupiditas
912 1190 1026 1248 nostru
1040 1174 1176 1267 caliget.

109 1290 158 1360 At
185 1285 397 1360 mehercule«3
419 1307 530 1373 term,
554 1311 630 1384 qum
650 1291 819 1388 quidquid
839 1291 923 1366 utile
943 1291 1096 1365 loturum
1118 1314 1181 1358 no·

108 1406 166 1479 bis
178 1425 252 1482 emt
269 1409 430 1500 protulit,
452 1410 517 1478 ista
534 1407 664 1484 defodit
680 1423 715 1481 et
731 1410 868 1492 mersit,
891 1425 925 1478 et
943 1424 983 1481 ut
1009 1402 1181 1484 ‘noxiosis
1262 1498 1266 1506 Ι

109 1523 216 1600 rebus
228 1549 269 1594 ee
283 1524 371 1596 malo
392 1527 544 1619 gentium
558 1527 595 1595 in
611 1525 760 1598 medium
779 1525 987 1619 prodituris,
1008 1541 1080 1600 toto
1095 1545 1183 1618 pon-

110 1640 196 1712 dere
211 1642 378 1715 incubuit.
398 1643 506 1714 Video
525 1641 653 1718 ferrum
668 1667 709 1714 ex
722 1643 842 1714 iisdem
857 1642 1007 1714 tenebris
1018 1665 1091 1718 esse
1101 1665 1183 1736 pro-
1208 1677 1223 1710 ι
1247 1711 1248 1720 ,

110 1755 217 1824 iatum
226 1749 253 1839 ⁵,
266 1755 390 1848 quihus
399 1779 520 1829 surum
531 1773 565 1826 et
576 1772 757 1850 argentum
772 1783 780 1822 :
796 1781 840 1826 ue
852 1773 912 1832 aut
922 1758 1183 1832 instrumentum

108 1873 150 1940 in
170 1870 280 1948 cedes
312 1889 445 1942 mutuus
470 1872 624 1955 deesset,
651 1888 711 1942 eut
732 1874 897 1966 pretiums
914 1877 956 1950 Et
981 1871 1183 1942 adhucne

107 1987 260 2079 aliquem
274 1991 447 2063 materiam
458 1989 587 2064 hebent
603 2015 611 2054 2
626 2004 678 2058 est
692 1991 728 2056 in
745 2013 814 2080 quo
833 2004 984 2060 errorem
1003 1990 1182 2062 oculorum

108 2105 245 2173 enimus
262 2104 424 2206 subsequi
437 2097 589 2199 possit⁶;
606 2104 707 2174 video
721 2105 797 2173 istie
812 2105 996 2199 diplomate
1008 2109 1034 2192 ⁷,
1051 2122 1086 2174 et
1100 2131 1182 2198 syn-

109 2333 179 2374 ertre
200 2321 319 2394 Gangem
341 2320 508 2376 habitantium
532 2319 621 2372 notitia
673 2321 736 2373 mite
750 2320 867 2373 lemme»
882 2334 918 2374 est
936 2341 975 2396 ep.
992 2321 1081 2376 Horat.
1097 2322 1182 2378 Germ.

70 2441 73 2448 .
107 2401 195 2471 alique
204 2398 314 2452 Romam
330 2413 433 2452 venerat
445 2397 492 2452 lsoe
504 2398 557 2472 ipso
571 2398 622 2450 Se-
671 2396 763 2467 lt,2‚
783 2419 796 2450 2
814 2397 857 2451 ubi
873 2398 957 2452 Bentl.
972 2419 1018 2452 nee
1035 2399 1115 2452 nostri
1130 2399 1181 2452 toci

109 2493 180 2532 necet
190 2477 254 2549 ,qui
268 2491 328 2530 teste
338 2477 425 2530 Plinio
440 2477 559 2531 deludis
575 2495 622 2530 ec·
670 2475 805 2528 immemor
815 2475 871 2527 tutt.

108 2555 622 2629 curatissimeegeratinlibrodiuperdito‚
703 2553 727 2607 3.
742 2555 782 2606 At
793 2552 947 2622 mehercule,
962 2567 1009 2608 eto.
1021 2555 1108 2609 Horat.
1128 2556 1145 2608 l·
1164 2550 1181 2612 l.

108 2648 232 2707 tempore.
245 2631 405 2687 Ci‘Heeren
415 2633 446 2685 de
460 2631 573 2686 Graecor.
590 2633 621 2686 de
670 2633 705 2686 ait
718 2631 851 2685 similiter:
865 2655 878 2679 s
891 2627 984 2686 Nullus
995 2645 1100 2707 argento
1111 2634 1181 2688 color

108 2709 186 2770 lntlie
203 2712 294 2766 notitia
311 2711 338 2764 in
359 2711 539 2764 commentatt.
562 2713 621 2766 Soc.
670 2723 743 2776 ests,
759 2721 804 2762 eto.
817 2709 862 2780 qui
874 2709 945 2763 locus
958 2731 986 2762 ex
1001 2725 1086 2764 nostro
1098 2711 1180 2765 lucem

108 2809 162 2862 reg.
176 2787 292 2862 Gotting.
304 2789 334 2842 T.
348 2789 400 2854 IX,
411 2787 444 2846 X·
462 2789 559 2842 Merces
571 2791 622 2844 Se·
669 2787 776 2859 accipit,
794 2807 826 2838 ne
837 2790 864 2838 ιδ
880 2792 971 2840 avaris
985 2789 1110 2862 intelligas
1123 2808 1181 2841 eum

108 2889 164 2920 rum
188 2880 243 2920 tum
262 2889 306 2939 per
322 2868 480 2996 AEgthum,
504 2880 558 2920 tum
577 2889 622 2942 por
670 2865 804 2938 Doeringio
819 2863 927 2918 amiciss.
940 2864 970 2917 de
982 2864 1138 2924 hominibus.

107 2947 208 2999 diverse
219 2945 285 2998 Asite
297 2945 387 2998 itinere
419 2963 504 2998 omem
515 2964 621 3000 venere:
703 2943 922 3014 4.Nomt'osi5.sie
935 2943 1009 2996 codd.
1020 2943 1181 3017 optimi,non

107 3045 167 3080 tum
181 3023 282 3078 Ser-ibus
294 3023 354 3099 ipsis
368 3023 455 3092 Rome
465 3023 562 3078 nullum
571 3023 622 3085 tutt-
667 3023 773 3088 noetis,
794 3022 862 3092 quod
887 3021 974 3094 vulgg.
998 3019 1100 3075 hubent
1129 3022 1182 3075 sest

105 3103 298 3158 commercium.
667 3110 801 3172 utrumque
815 3111 888 3152 reete.
1091 3145 1092 3148 ,

140 3183 174 3235 X.
188 3182 259 3233 Attu-
277 3178 526 3249 Ejusdem'matsrise
539 3178 619 3231 conti·
702 3177 724 3226 5.
739 3177 823 3228 Video
828 3175 976 3248 sermm.....
983 3181 1125 3246 prolatum.
1140 3177 1181 3234 Cf.

107 3258 197 3312 nuntio
208 3297 216 3326 ‚
229 3271 253 3310 et
264 3258 363 3312 vanites
374 3277 451 3330 opum
464 3276 525 3330 ques
536 3255 618 3311 homi·
669 3251 764 3305 Tibull.
776 3252 821 3306 lib.
833 3255 861 3321 1,
876 3253 941 3327 eleg.
957 3275 994 3307 tt.

106 3357 153 3389 nes
163 3348 214 3388 tem
225 3333 388 3388 veliementer
399 3335 539 3408 excupiunt.
702 3329 727 3383 6.
741 3330 795 3386 Est
803 3339 831 3385 t'n
843 3355 919 3402 quo...
927 3338 1015 3406 possi!
1020 3373 1028 3402 ,
1041 3348 1102 3402 ete,
1113 3337 1181 3391 oculi

144 3435 165 3466 ι.
184 3413 260 3485 Quid
270 3417 343 3484 age's,
357 3415 493 3466 avaritia?
506 3423 551 3463 etc.
563 3410 621 3484 Cy·
670 3411 773 3482 quidem
784 3412 904 3466 falluntur
916 3413 943 3466 in
951 3413 1009 3482 hoe,
1017 3415 1087 3484 quod
1097 3415 1182 3489 digni·

108 3491 168 3545 nico
179 3489 331 3564 philosopho
344 3491 397 3544 hmo
408 3489 535 3544 invective
545 3488 621 3542 verbe
670 3501 745 3544 tatem
760 3491 934 3562 honoremque
948 3491 988 3545 lis
1006 3492 1113 3547 metallis
1132 3493 1181 3545 tri-

108 3571 136 3621 in
147 3568 279 3621 avaritiam
289 3579 314 3618 et
323 3567 375 3641 ejus
384 3568 514 3621 materiam
524 3567 620 3640 dignis·
670 3568 767 3632 buent,
793 3571 837 3622 sed
855 3570 956 3622 animus
979 3569 1047 3623 hunc
1070 3589 1181 3624 errorem

107 3647 245 3711 simssunt,
254 3665 310 3717 qum
321 3658 405 3698 tamen
416 3645 467 3716 jam
479 3645 506 3697 in
515 3643 619 3698 scholio
667 3645 825 3718 subsequitur
843 3660 867 3699 et
878 3647 906 3699 in
922 3647 1019 3700 bonurn
1030 3667 1104 3700 usum
1117 3667 1181 3700 eon*

106 3723 284 3776 Nicocreontis
294 3721 620 3796 antiquissimo(cl'.Brunk.
669 3724 758 3786 vertit,
781 3738 906 3794 quatenus
929 3725 988 3778 inde
1013 3744 1087 3790 vass,
1116 3737 1179 3794 ete,

107 3801 186 3856 Auel.
198 3801 246 3854 To.
260 3805 290 3864 l,
305 3824 328 3874 p.
344 3803 406 3870 148,
420 3822 458 3856 nr.
474 3803 512 3866 1.)
526 3820 619 3854 occur·
669 3797 761 3853 confici
783 3813 894 3873 possunt
919 3802 1001 3856 Vente
1019 3815 1103 3854 antem
1122 3812 1182 3856 sunt

105 3897 182 3948 runt,
205 3882 250 3936 ubi
269 3881 369 3937 Jacobs
393 3885 509 3957 quaedam
525 3881 619 3935 similis
668 3879 719 3932 itte
731 3879 1184 3952 membranotoe(tntrattcte),que

106 3961 209 4035 collegit
219 3961 247 4014 in
258 3962 396 4014 Animatv.
411 3984 434 4036 p.
446 3961 501 4032 274.
518 3961 557 4014 Cl.
572 3961 618 4034 Ep.
667 3957 834 4026 donationes,
852 3971 898 4011 etc.
917 3958 1069 4021 continent,
1088 3958 1181 4033 quippe

106 4058 189 4106 xclv,
203 4045 240 4107 5⁷·
258 4041 360 4095 Sallust.
372 4041 445 4094 Catil.
459 4061 480 4094 c.
495 4060 541 4110 17,
554 4051 600 4093 etc.
668 4057 724 4108 quse
738 4058 869 4109 nunquam
882 4057 968 4090 revere
980 4037 1115 4091 dabuntur.
1172 4077 1175 4092 .

142 4141 164 4170 ι.
178 4115 309 4172 Laminas
321 4118 378 4173 suri
388 4117 543 4192 argentique.
556 4118 616 4170 Gal·
699 4139 720 4184 7.
745 4115 904 4186 Diplometa
923 4131 981 4172 sunt
999 4118 1180 4194 assignationes

105 4197 138 4250 tte
149 4199 243 4268 filons.
254 4220 267 4247 s
275 4195 365 4250 Avaris
375 4196 466 4252 abdita
481 4197 552 4248 terris
562 4195 612 4248 tui·
664 4210 706 4250 sut
717 4209 865 4250 contractus.
