2966 4948
796 316 802 347 l

489 463 666 532 CAPUT
697 462 812 531 XXI.
1127 489 1187 532 aot

118 593 243 662 noxius
268 593 334 660 luit
349 594 380 677 ¹3
409 616 502 662 nunc
526 619 662 687 quoque
691 608 857 687 quantum
886 609 1017 686 potest,
1048 593 1139 662 illam
1172 620 1193 662 a

120 734 158 776 se
172 708 310 800 abjicit,
329 723 364 774 et
376 707 413 775 in
429 723 522 778 tanta
540 711 701 778 felicitate
715 707 917 802 acquirendi
927 713 955 794 ²,
975 709 1106 778 nullum
1122 735 1194 778 ma-

117 825 232 917 jorem
246 848 288 892 ex
300 847 341 892 oa
359 825 519 909 fructum,
531 841 633 919 quam
644 841 874 920 contemptum
893 826 966 918 ejus
982 827 1068 920 petit
1078 818 1105 894 ³.
1121 829 1194 896 Eri·

123 963 226 1035 peres
244 939 297 1008 illi
328 940 473 1010 amicos?
486 942 617 1011 sciebas
634 957 703 1011 tam
727 943 907 1011 amabilem
924 967 1017 1026 esse,
1040 959 1079 1011 ut
1094 944 1194 1012 facile

122 1059 161 1124 in
178 1058 291 1126 locum
303 1057 500 1126 amissorum
512 1073 627 1152 posset
639 1059 724 1127 alios
737 1059 954 1128 substituere.
971 1063 1084 1128 Unum
1103 1062 1195 1129 enim

121 1172 219 1240 bunc
234 1195 275 1240 ex
292 1171 366 1253 his,
387 1190 471 1264 quos
494 1172 532 1240 in
556 1172 740 1265 principali
767 1173 866 1240 domo
893 1167 1075 1266 potentes⁴
1097 1173 1190 1257 vidi,

122 1286 321 1380 cognovisse
338 1283 469 1368 videor,
490 1309 591 1378 quem
611 1284 768 1354 omnibus
783 1287 928 1354 amicum
944 1285 1072 1354 hebere
1089 1312 1194 1379 quum
1219 1305 1235 1355 5

124 1401 302 1497 expediat,
321 1402 430 1496 magis
443 1417 556 1470 tamen
569 1402 671 1470 etiam
684 1401 769 1470 libet
780 1394 806 1468 ⁵.
824 1403 983 1496 Eriperes
999 1401 1049 1470 illi
1070 1403 1194 1474 bonam

124 1522 319 1615 opinionem
329 1522 345 1589 l
355 1519 493 1588 solidior
505 1534 557 1587 est
568 1519 642 1587 baec
654 1515 748 1611 apud
761 1541 856 1601 eum,
875 1543 976 1610 quam
989 1533 1027 1587 ut
1037 1542 1059 1585 a
1072 1534 1105 1587 te
1116 1545 1196 1612 quo-

125 1660 195 1728 que
213 1636 288 1728 ipsa
309 1635 443 1702 concuti
463 1647 588 1726 posset.
614 1634 775 1727 Eriperes
794 1633 918 1702 bonam
938 1632 1197 1704 valetudinem?

125 1749 257 1818 sciebas
276 1748 425 1817 animum
448 1748 522 1840 ejus
542 1743 742 1814 liberalibus
756 1745 963 1841 disciplinis,
982 1749 1107 1840 quibus
1127 1773 1197 1818 non

126 1866 315 1934 innutritus
329 1879 481 1947 tantum,
501 1860 562 1932 sed
577 1863 713 1930 innatus
732 1877 803 1946 est,
819 1864 869 1932 sic
887 1888 960 1933 esse
975 1864 1153 1934 fundatum
1166 1860 1193 1948 ⁶,

126 1998 165 2050 ut
194 2006 299 2075 supra
331 2005 448 2050 omnes
478 1979 631 2072 corporis
662 1978 796 2049 dolores
830 1983 1007 2050 emineret.
1039 1983 1198 2075 Eriperes

127 2098 310 2191 spiritum?
323 2093 526 2188 quantulum
545 2094 744 2162 nocuisses?
764 2095 996 2190 longissimum
1020 2097 1072 2164 illi
1088 2123 1198 2166 sevum
1221 2101 1239 2155 ὃ

128 2217 261 2308 ingenii
272 2215 359 2282 sama
367 2212 536 2306 promisit.
554 2211 595 2279 Id
609 2213 682 2304 egit
699 2213 785 2305 ipse,
806 2230 846 2282 ut
864 2214 1197 2309 meliorelsuiparte

128 2329 288 2414 duraret,
310 2344 346 2395 et
361 2326 556 2420 compositis
574 2323 777 2416 eloquentiae
803 2327 977 2420 praeclaris
999 2324 1195 2422 operibus³‚

165 2565 187 2597 ι.
202 2545 343 2599 obnoxius
351 2547 419 2616 suit.
428 2545 462 2598 li.
472 2565 495 2597 e.
504 2543 543 2596 illi
554 2545 636 2596 lamu—
720 2547 743 2596 5·
756 2545 928 2615 Expediet...
940 2549 1011 2600 libet.
1023 2548 1083 2602 Duo
1100 2563 1160 2602 suut
1170 2550 1199 2604 in

128 2626 195 2677 latus
209 2637 252 2679 est.
686 2620 1027 2696 amicitial‘olybii‚utilitas
1039 2627 1197 2700 etvoluptas;

163 2725 187 2756 a.
206 2705 243 2756 In
256 2713 332 2756 matu
336 2703 464 2774 felicitate
476 2703 637 2772 acquirendi.
689 2713 715 2752 st
734 2699 849 2774 voluptas
869 2701 945 2775 longe
965 2701 1046 2772 majoi
1064 2717 1102 2756 est
1121 2725 1199 2776 quam

128 2783 180 2834 Pro
181 2783 310 2853 filiciiute
322 2781 421 2855 Lipsius
433 2781 638 2852 conj.saci1itole·
689 2779 796 2840 utilitas,
814 2792 843 2842 et
861 2794 959 2833 amatur
977 2781 1038 2846 ille,
1058 2802 1111 2835 non
1129 2783 1198 2854 quod

127 2861 226 2914 Sensus
239 2873 375 2931 estzquum
387 2858 542 2933 aptissimum
555 2857 640 2910 locum
691 2860 760 2913 dives
770 2874 813 2912 aut
822 2874 976 2936 praepotens,
997 2863 1040 2916 ssd
1052 2865 1122 2935 quod
1131 2884 1201 2917 ama-

125 2937 641 3010 sortitussitsddivitiaseongerendas,ete.
689 2936 748 2988 bilis
758 2957 916 3012 summopere
928 2951 971 2992 est.
1010 2957 1012 2966 ·

161 3017 186 3067 3.
209 3017 390 3084 contemptam
402 3020 474 3084 petit.
500 3016 534 3066 At
553 3025 640 3066 contra
723 3012 748 3064 b.
766 3015 930 3069 Fundam.
954 3014 1155 3084 Confirmatum,
1175 3031 1200 3070 et

127 3095 222 3147 misltas
237 3093 280 3146 ills
292 3114 352 3167 opes
373 3095 475 3168 adeptus
494 3106 548 3156 est;
562 3093 583 3146 si
592 3093 642 3145 bis·
690 3092 841 3146 inconcusso
852 3094 1018 3148 fundamento
1031 3095 1126 3148 nixum.

129 3173 211 3226 turico
218 3173 303 3245 major
310 3171 372 3225 fides
383 3172 500 3226 habenda
505 3171 548 3234 sit,
564 3191 641 3242 quarn
725 3191 747 3240 7.
759 3172 867 3225 Meliore
880 3177 924 3226 sui
931 3185 1008 3242 porte
1020 3176 1135 3227 duraret.
1144 3173 1200 3226 Me·

129 3254 264 3308 adulatori.
290 3252 640 3315 canissuspensus&
691 3253 755 3304 liure
765 3250 872 3304 hicnon
886 3263 936 3314 est,
951 3264 980 3304 ut
989 3251 1127 3316 multoties,
1140 3271 1198 3302 rnu-

128 3330 187 3396 lin.,
200 3344 224 3383 et
234 3331 314 3384 Dion.
325 3331 392 3386 Cass.
403 3331 459 3385 Lib.
467 3333 522 3398 LX,
535 3353 589 3407 cap.
600 3351 639 3403 ²9·
688 3334 757 3392 jore,
774 3329 817 3380 sed
835 3331 941 3395 uillam,
955 3328 1140 3381 excellentiore·
1158 3326 1199 3380 Si-

163 3409 641 3480 4.inprincipalidomopotentes.l.e.
692 3405 785 3457 militer
801 3405 878 3457 Ovid.
891 3405 1060 3480 Metamorpb.
1077 3407 1121 3459 lib.
1137 3407 1200 3469 XV,

128 3487 176 3556 qui
195 3487 320 3540 excelsum
334 3487 418 3541 locum
437 3486 465 3539 in
483 3487 641 3562 imperatoris
691 3505 728 3538 vs.
740 3486 788 3556 875
800 3504 806 3539 :
825 3507 838 3532 s
852 3485 926 3537 Parte
938 3498 1023 3538 umen
1032 3489 1137 3538 meliore
1149 3485 1200 3538 mei

128 3563 292 3634 domo‚non
305 3563 445 3618 incivitate
458 3577 597 3640 occupant3
610 3565 642 3616 is·
691 3583 764 3638 super
789 3563 838 3615 alta
857 3563 976 3632 perennis
993 3568 1066 3616 Astra
1094 3566 1167 3616 ferar.
1187 3587 1201 3611 s

129 3643 253 3697 tiusmodi
265 3644 327 3698 viris
340 3658 424 3699 autem
440 3646 589 3717 plerumque
601 3666 642 3700 ar·
691 3642 725 3694 Et
743 3639 883 3707 Martialis,
902 3640 946 3693 lib.
964 3641 1002 3706 X,
1024 3643 1146 3714 epigram.
1162 3657 1201 3693 tt:

130 3722 257 3794 rogantia
273 3735 299 3774 et
315 3723 481 3777 contumacia
495 3723 550 3798 plus
568 3723 642 3775 stiam
693 3743 707 3768 s
721 3721 798 3795 Pigra
809 3743 853 3794 per
864 3722 934 3775 huuc
945 3723 1026 3796 fugies
1036 3724 1142 3795 ingrata
1153 3723 1201 3774 llu-

130 3813 184 3852 erat
195 3821 271 3872 quam
284 3803 401 3877 principi.
414 3804 443 3857 ld
456 3816 539 3876 aperte
551 3803 642 3857 decla·
692 3802 906 3868 minaLethes,Et
916 3808 1022 3858 meliore
1030 3806 1069 3856 tui
1082 3815 1150 3878 parte
1158 3823 1203 3854 su·

130 3891 170 3930 rat
180 3879 319 3942 Martialis,
331 3881 375 3934 lib.
387 3882 443 3950 lx,
459 3883 539 3956 epigr.
556 3897 640 3946 nm,
691 3895 783 3952 perstes
803 3876 859 3934 eris.
869 3905 882 3929 s

128 3955 204 4027 eujus
215 3956 244 4008 id
258 3957 361 4011 initium
380 3972 432 4012 est:
443 3982 456 4006 «
470 3961 567 4014 Oderat
584 3975 641 4014 ante
726 3958 749 4012 8.
768 3961 910 4013 Proeelart's
929 3961 1055 4030 operibus.
1077 3961 1141 4030 Ques
1155 3961 1205 4015 sint

130 4033 227 4085 ducum
251 4036 378 4102 famulos,
398 4038 548 4110 turbamque
567 4041 642 4113 prio·
692 4038 736 4091 illa
747 4038 855 4112 Polybii
874 4060 949 4113 opera
964 4040 1043 4092 lusius
1055 4041 1147 4092 Noster
1158 4063 1205 4093 sa-

129 4131 203 4241 pem,
220 4113 253 4165 Et
270 4114 422 4168 Pallatinnm
434 4117 517 4171 Roma
530 4119 642 4192 superri—
692 4117 762 4188 ponit
781 4117 863 4186 inira,
888 4118 1029 4188 capiteab,
1046 4117 1080 4170 ad
1099 4115 1162 4187 fin,
1181 4132 1206 4170 es

143 4190 232 4242 ium.»
693 4213 745 4266 esp.
760 4195 799 4247 30.
