2976 4950
365 408 465 477 ala.
495 408 555 495 11,
581 406 692 477 cnr.
717 407 921 479 xxvrn.
1116 417 1181 506 ,ιιι

105 539 275 609 maturius
297 564 306 604 ι
328 552 364 607 et
382 534 507 606 deinde
524 536 652 606 nullius
669 560 802 608 causam
822 542 911 633 agit,
933 558 1051 610 contra
1068 566 1184 612 omnes

107 657 178 724 sibi
196 655 284 726 lavet
295 667 319 724 ¹.
340 655 480 748 Quanto
499 669 550 722 est
568 653 776 747 simplicius,
794 673 921 748 quanto
937 656 1181 752 'prudentius‚

105 773 316 841 beneficium
336 788 513 866 acceptum
541 793 667 863 augere
693 796 702 838 :
724 772 813 840 scire
834 774 1004 843 neminem
1031 776 1117 844 tanti
1141 775 1185 842 ab

107 887 202 968 alio,
224 887 343 978 quanti
368 909 389 952 a
415 909 452 954 se
476 885 550 976 ipso
568 885 756 954 estimari?
774 887 854 957 Plus
872 890 1028 983 accipere
1053 889 1183 971 debui,
1248 955 1250 964 .

110 1001 175 1071 sed
191 1001 241 1069 illi
255 1000 355 1070 facile
368 1025 439 1070 non
458 993 525 1069 fuit
538 1000 616 1093 plus
633 999 732 1080 dares
757 1002 794 1070 in
810 1002 933 1072 multos
946 1004 1132 1074 dividenda
1146 1005 1189 1072 li-

109 1118 274 1188 beralitas
284 1134 370 1188 emt.
386 1120 460 1188 Hoc
478 1117 614 1186 initium
626 1132 698 1207 θεῖς
712 1117 794 1186 boni
806 1113 1054 1204 consulamus³‚
1071 1123 1189 1190 atani-

112 1253 209 1306 mum
224 1235 319 1329 ejus,
350 1250 446 1330 grate
466 1233 695 1328 excipiendo,
722 1257 912 1306 evocemus.
934 1241 1059 1307 Parum
1079 1238 1186 1325 secit3

112 1351 177 1421 sed
190 1353 312 1446 saepius
329 1352 443 1421 saciet.
461 1350 563 1420 lllnm
579 1351 664 1419 mihi
679 1352 850 1444 praetnlit3
866 1369 901 1422 et
914 1379 969 1422 me
983 1355 1110 1423 multis.
1126 1355 1190 1424 llle

112 1492 187 1536 nou
200 1483 252 1536 est
259 1466 345 1536 mihi
356 1465 634 1562 parvirtutibus,
651 1487 716 1534 nec
727 1465 849 1535 officiis
864 1493 873 1535 ι
889 1466 950 1536 sed
963 1468 1084 1538 habuit
1096 1494 1190 1538 suam

112 1575 314 1652 venerem⁴.
330 1578 519 1673 Quareudo
536 1603 606 1647 non
623 1577 793 1663 efficiam,
811 1594 850 1649 ut
864 1580 1050 1673 majoribus
1065 1582 1191 1677 dignus
1216 1633 1231 1664 2

114 1702 200 1782 sim,
219 1697 282 1770 sed
298 1713 336 1766 ut
352 1698 440 1766 datis
456 1695 633 1790 indignus.
655 1695 758 1766 Plura
772 1695 840 1765 illis
857 1697 1052 1768 hominibus
1066 1701 1193 1795 turpis-

115 1815 213 1884 simis
230 1813 308 1884 data
325 1829 423 1898 sun13
443 1811 528 1906 quid
541 1810 586 1879 ad
601 1813 699 1882 remi’
714 1837 816 1905 quam
835 1838 912 1882 raro
928 1817 1078 1884 Fortuna
1094 1814 1192 1908 jndi-

115 1928 195 2001 cat!
217 1929 384 2023 Quotidie
408 1930 609 2022 querimur,
629 1928 734 1997 malos
757 1953 831 1998 esse
848 1931 986 2018 felices3
1006 1956 1093 2027 saepe
1117 1955 1194 2026 qum

117 2048 249 2144 agellos
268 2049 405 2142 pessimi
425 2046 594 2139 cujusque
607 2046 811 2128 transierat,
828 2049 1032 2140 optimorum
1045 2051 1195 2118 virorum
1286 2103 1289 2110 .

120 2178 274 2257 segetem
288 2159 420 2256 grando
438 2159 620 2255 percussit.
635 2159 719 2227 Fert
732 2175 856 2228 sortem
865 2185 964 2249 ‚suam
978 2165 1141 2256 quisque,
1158 2179 1197 2230 nt

121 2281 161 2346 iu
175 2279 307 2348 caeteris
323 2276 439 2357 rebus,
458 2278 505 2345 ita
521 2277 559 2345 in
574 2274 746 2343 amicitiis.
758 2275 896 2344 Nullum
912 2292 1043 2348 cattam
1056 2279 1204 2373 plenum*

121 2395 349 2478 beneficium,
372 2392 463 2488 quod
483 2416 553 2462 non
571 2391 731 2461 vellicare
752 2393 944 2487 malignitas
963 2399 1068 2491 possit
1090 2425 1099 2466 :
1118 2398 1198 2466 uul-

122 2511 195 2581 lum
213 2527 281 2582 tam
298 2527 499 2606 angustum,
516 2508 609 2603 qnod
623 2532 694 2577 uon
710 2508 819 2577 bouus
832 2511 1004 2604 interpres
1023 2511 1195 2581 extendat.

121 2630 306 2720 Nunquam
325 2625 473 2694 deerunt
490 2647 599 2694 causae
617 2623 806 2715 querendi,
825 2626 854 2694 ai
870 2626 1040 2695 beneficia
1058 2653 1079 2696 a
1101 2627 1199 2695 dete-

121 2745 216 2814 riore
231 2736 351 2838 parte⁵
370 2741 588 2839 spectaveris.
606 2837 609 2844 r

122 2931 264 2988 guoquam
277 2911 360 2966 nolis.
371 2913 405 2965 Ar
417 2912 443 2966 id
458 2911 570 2986 rogitare
585 2928 638 2962 non
722 2911 747 2975 4.
768 2909 825 2964 sed
848 2911 944 2966 dabui!
971 2933 1050 2966 suam
1072 2931 1197 2966 venerem.

125 2991 240 3045 esseviri
255 2990 384 3065 sapientis.
396 2990 436 3042 Dc
452 2987 567 3042 benefico
586 2987 640 3041 ho-
687 2987 772 3041 Nexns
788 2989 914 3062 postulare
930 2990 1054 3056 videtur,
1073 3004 1103 3044 ut
1118 2991 1199 3044 oratio

125 3071 199 3124 mine
212 3068 280 3120 idern
289 3068 450 3121 sentiendum
462 3067 531 3140 quod
547 3068 578 3120 de
589 3067 640 3119 lor·
687 3066 723 3119 aie
736 3067 853 3138 procedat
866 3086 873 3122 :
885 3068 941 3122 Etsi
949 3089 1003 3123 nou
1018 3069 1135 3122 omnibus
1147 3069 1200 3122 vir-

126 3163 190 3204 tuna
199 3167 257 3221 qnae
273 3161 420 3201 muneratur
432 3147 568 3219 aliqnando
588 3165 640 3198 non
689 3143 783 3196 tutibus
791 3157 816 3199 at
826 3144 917 3199 officiis
929 3147 1041 3216 excellat,
1053 3149 1145 3221 quibus
1153 3169 1201 3221 ego

128 3229 240 3302 dignm
252 3247 323 3281 neca
334 3225 457 3281 deteriore
468 3240 536 3302 parte
547 3225 642 3279 libcra—
690 3223 790 3275 amineo
803 3261 811 3290 ,
827 3236 912 3278 tamen
927 3225 957 3277 iis
973 3245 1028 3278 non
1041 3226 1147 3280 omnino
1160 3226 1202 3279 de-

128 3309 227 3361 litatem
236 3307 406 3382 spectandam.
690 3301 789 3353 stitutus
802 3313 853 3356 ast:
865 3315 952 3355 atsnas
964 3303 1015 3376 ipsa
1027 3305 1140 3378 proprias
1148 3303 1203 3356 vir-

169 3405 190 3438 t.
201 3383 340 3457 Sibisaee!
350 3383 471 3438 invidus:
482 3403 536 3437 non
545 3381 643 3453 dijudi-
689 3392 754 3434 tutes
765 3379 850 3447 habet,
858 3381 951 3452 quibus
962 3383 1050 3456 placet.
1058 3385 1144 3438 Simili
1151 3385 1202 3436 lere

131 3462 642 3538 estmerila,sedsepraelerendumeenset.
691 3457 769 3512 modo
779 3479 881 3530 qnoque
887 3461 984 3534 Lipsius
989 3463 1082 3536 cepisse
1093 3463 1202 3527 videtur,

167 3561 191 3594 a.
202 3542 370 3595 Pmdmtius.
384 3541 427 3594 Sic
438 3539 517 3593 codex
531 3539 606 3594 Pius.
620 3550 644 3590 et
691 3536 866 3612 interpretatus
884 3555 975 3591 :suam
992 3539 1115 3614 gratiam,
1129 3559 1203 3592 suum
1280 3551 1283 3566 ¹

133 3619 223 3692 optimi
240 3639 280 3692 ap.
293 3619 367 3672 Grnt.
382 3617 435 3672 Alii
448 3621 543 3688 purius
558 3637 578 3670 s.
595 3637 644 3686 pu-
691 3615 809 3681 illirium,
825 3616 926 3670 laudato
939 3617 1008 3670 Plin.
1020 3618 1053 3670 H.
1067 3619 1100 3669 N.
1117 3631 1202 3682 xxxv,

131 3699 243 3749 densim.
256 3694 412 3770 Simplicitas
423 3707 507 3747 antam
524 3713 645 3768 compre·
696 3715 735 3751 ιο.
744 3695 981 3749 &onoriustamen
989 3697 1070 3769 potius
1076 3698 1204 3748 fortunam

132 3775 224 3828 hrudit
244 3773 368 3847 pudorem
388 3772 576 3844 candidumque
591 3773 646 3824 ani·
693 3795 771 3846 qnam
783 3775 888 3848 gratiam
902 3775 1091 3846 interpretatur,
1108 3773 1202 3836 abeo,

134 3871 216 3918 mum,
227 3852 349 3904 narsitem
358 3851 645 3926 prudentiamffllem
694 3851 763 3922 quod
789 3851 817 3903 in
836 3852 944 3904 talorum
967 3851 1023 3903 lusu
1047 3851 1207 3904 felicissimus

134 3931 228 4003 ringer.
237 3929 269 3982 ad
280 3929 333 3982 cie.
346 3929 376 3982 da
387 3929 442 3982 Oll‘.
454 3931 485 3996 1,
498 3928 545 3994 25,
560 3945 596 3980 ιι.
695 3930 788 3999 jactus,
802 3928 1033 3982 dicebaturVrnus.

168 4010 193 4060 3.
206 4007 280 4061 Boni
288 4009 465 4060 consulamus.
473 4007 541 4060 Nota
551 4006 645 4059 lot-ntia
727 4009 752 4058 5.
767 4009 795 4059 A
810 4007 1030 4074 detes-irrepant,
1053 4005 1146 4060 scilicet
1156 4025 1206 4075 qua

134 4105 181 4158 pro
193 4102 200 4138 ε
214 4085 242 4138 in
253 4083 348 4138 bonam
361 4097 457 4157 partem
475 4105 528 4138 rem
538 4083 647 4156 arripia-
695 4081 830 4150 deliciunt,
842 4096 884 4137 aut
896 4084 1042 4149 vincuntur,
1050 4104 1148 4152 norrea,
1157 4099 1209 4154 qua

135 4185 206 4229 mus,
219 4185 252 4218 ne
263 4164 405 4219 irascamur.
696 4162 810 4216 vincunt.
