2990 4942
289 491 351 576 nr
457 487 525 556 in
546 490 794 558 ,usumin
818 489 1185 562 consummo.

284 621 524 701 Germaniam,
549 634 584 686 et
600 619 646 686 ihi
665 621 763 713 signe
781 622 928 689 Romano
947 621 1089 705 fixerat,
1112 621 1171 690 ubi
1190 624 1244 690 vix
1262 623 1352 690 ullos

284 761 358 804 osse
375 739 542 804 Romanos
555 751 672 832 notum
689 751 775 802 erut.
794 737 835 802 ln
849 734 1064 827 expeditione
1079 737 1189 804 vietor
1206 738 1354 806 'deces-

285 868 391 934 serat,
419 852 501 945 ipsis
528 849 623 918 illum
648 849 802 918 hostibus
828 873 956 945 aegrum
974 876 1051 920 cum
1069 855 1292 922 veneratione
1317 870 1354 922 et

284 991 368 1060 pace
381 982 497 1034 mutua
510 966 813 1057 prosequentibus,
830 989 894 1034 nee
907 982 1024 1061 optare
1040 967 1132 1060 quod
1145 968 1350 1064 expediebat

283 1082 498 1151 audentibus.
522 1080 712 1148 Accedebat
725 1079 769 1152 ad
790 1083 878 1148 hanc
900 1098 1064 1166 mortem,
1086 1108 1187 1177 quam
1209 1086 1269 1154 ille
1284 1111 1352 1180 pro

284 1177 464 1292 republica¹
478 1198 630 1278 obierat,
654 1199 774 1291 ingens
799 1199 923 1266 civium
950 1202 1291 1296 provinciarumque,
1314 1221 1350 1272 et

285 1311 505 1382 totinsltaliae
528 1310 757 1393 desiderium,
779 1337 842 1404 per
865 1338 987 1404 quarn,
1009 1317 1125 1386 effusis
1143 1319 1179 1384 in
1196 1319 1351 1387 officium

284 1428 431 1521 lugubre
444 1427 662 1518 municipiis²
681 1425 889 1519 coloniisque
903 1423 915 1463 ⁵
929 1478 938 1509 ‚
955 1432 1112 1520 usquein
1131 1431 1252 1500 urbem
1265 1431 1353 1501 duc-

286 1561 355 1612 tum
365 1559 438 1612 erat
444 1544 545 1612 funus
555 1543 726 1636 triumpho
736 1542 943 1611 simillimum
954 1537 981 1611 ⁴.
995 1547 1070 1614 Non
1080 1546 1225 1616 licuerat
1233 1551 1346 1631 matri,

284 1659 402 1728 ultima
430 1660 491 1727 lilii
517 1659 628 1727 oscula
664 1676 865 1754 gratumque
891 1663 1031 1729 extremi
1060 1687 1249 1732 sermonem
1280 1667 1352 1733 oris

284 1774 437 1843 haurire.
465 1777 583 1867 Longo
601 1767 749 1841 itinere⁵
770 1775 931 1866 reliquias
955 1777 1058 1844 Drusi
1079 1779 1132 1846 eui
1147 1798 1350 1871 prosecuta,

284 1905 334 1958 tot
356 1915 419 1982 per
436 1915 568 1958 omnem
587 1891 717 1958 lutiam
735 1887 933 1959 ardentibus
960 1893 1050 1985 rogis
1064 1887 1099 1976 ⁵,
1127 1897 1224 1986 quasi
1251 1897 1353 1964 toties

285 2005 380 2072 illum
397 2005 587 2086 amitteret,
621 2004 835 2084 irritata,'ut
860 2006 1007 2099 primum
1033 2023 1142 2075 tamen
1161 2009 1278 2078 intulit
1296 2025 1353 2077 tu-

284 2118 375 2186 mulo
392 2121 402 2162 ⁷
417 2167 426 2200 ,
443 2117 542 2184 timul
557 2132 591 2184 et
603 2116 699 2186 illum
714 2133 748 2186 et
761 2117 911 2186 dolorem
925 2144 1022 2188 suum
1040 2122 1152 2213 posuit
1169 2149 1177 2188 ι
1195 2147 1260 2192 uec
1273 2123 1354 2216 plue

286 2233 394 2300 doluit
417 2255 517 2323 quarn
543 2249 601 2299 aut
627 2232 804 2300 honestum
832 2248 905 2302 erat
927 2236 1052 2302 Caesuri
1071 2226 1106 2317 ⁸,
1134 2253 1193 2304 aut
1214 2261 1351 2329 aequum

284 2448 370 2501 Albim
377 2466 529 2522 progressus.
539 2447 657 2498 Mortuus
667 2457 703 2500 est
712 2447 739 2498 in
750 2466 793 2498 ea·
842 2447 914 2497 timus
926 2455 1002 2518 atque
1020 2467 1074 2500 aras
1090 2449 1147 2502 Diis
1163 2449 1284 2502 Manibus
1300 2463 1351 2503 ata-

283 2527 339 2580 stris
350 2525 443 2581 aestivis
455 2527 487 2578 ad
496 2525 617 2577 Rhenum
630 2545 652 2578 a.
664 2523 728 2576 ΗΒ.
736 2525 792 2588 745.
841 2535 937 2576 tuentes
945 2525 1054 2578 lacrimis
1063 2539 1088 2578 et
1098 2528 1350 2580 conclamationibus

282 2605 334 2657 Diu
345 2603 488 2665 Cesslrlv,
498 2602 538 2663 3·2;
550 2601 603 2666 LV,
618 2621 642 2668 r,
657 2601 700 2653 ubi
709 2601 790 2674 lntpp.
843 2602 957 2655 dolorem
979 2603 1142 2658 testabantur.
1163 2602 1313 2658 cumules...
1327 2619 1351 2660 et

282 2683 386 2736 Consol.
399 2681 430 2734 ad
442 2679 533 2752 Polyb.
541 2679 581 2745 34.
590 2677 634 2730 lin.
643 2678 789 2746 Primipem
840 2677 981 2734 senatusue
998 2701 1092 2754 magua
1110 2703 1165 2754 pars
1177 2683 1267 2757 populi
1280 2703 1353 2736 eona·

281 2762 299 2814 i.
317 2761 441 2814 cesarem
454 2765 463 2826 (
474 2777 584 2827 namque
595 2775 686 2828 supra,
698 2757 739 2819 ll,
759 2777 787 2816 a,
840 2760 939 2833 plerere
949 2758 1034 2825 meru,
1051 2759 1166 2830 disjecti,
1183 2769 1210 2812 et
1222 2775 1248 2814 ut
1259 2761 1352 2831 cuique

283 2838 344 2892 dixit
369 2851 474 2908 utraque
494 2855 537 2909 spe
565 2832 642 2885 futuri
669 2831 789 2906 principis
839 2840 938 2896 libitum
949 2838 1233 2894 tentamentis.
1243 2839 1312 2906 ltl,c
1327 2859 1349 2890 a.

280 2915 472 2986 eerta).Senera
483 2913 510 2965 b.
520 2913 537 2964 l.
545 2911 640 2975 iun-xit,
648 2913 788 2983 Augustum
871 2921 894 2984 4,
914 2919 1009 2972 Funus
1025 2917 1155 2986 ampl„
1170 2921 1351 2971 simillimum,

282 2991 416 3046 inclinasse
433 2991 513 3065 magis
532 2990 559 3041 in
575 2988 686 3040 Drusum
697 2987 736 3039 vel
756 2987 789 3040 ob
837 2997 1013 3064 Τμγωδοῃός
1032 2997 1138 3048 Nosti-na
1153 2995 1350 3062 celeber-rium,

282 3071 415 3142 ingenium
427 3066 572 3135 mitius‚vel
586 3069 666 3136 (quie
679 3067 788 3142 suspicio
838 3075 875 3126 Μ,
892 3075 917 3127 J.
929 3074 1056 3138 Che'nier3
1068 3072 1096 3124 in
1108 3093 1134 3124 re
1147 3073 1207 3127 huie
1216 3073 1351 3128 simillima

280 3147 339 3216 tuit)
354 3159 381 3200 ut
391 3167 464 3200 suum
481 3143 572 3198 lilium.
839 3149 990 3216 (Tib.,act.l‚
1005 3157 1093 3217 seut)

317 3244 338 3278 l.
350 3223 522 3279 Vl'tlvr.B0n8
530 3222 612 3276 lectio.
618 3223 724 3277 MSSAE
733 3225 789 3278 etld·
864 3255 890 3295 Et
898 3256 980 3294 poam
986 3257 1014 3294 d„
1021 3255 1079 3295 hm
1087 3256 1287 3311 (somniaqmu

279 3325 303 3356 e.
310 3326 331 3358 c.
343 3306 438 3357 Erum.
446 3316 553 3357 luenlut'.
562 3302 643 3356 Gron·
650 3303 688 3355 etl.
698 3301 790 3355 omisit.
864 3317 953 3366 semble,
963 3330 983 3354 se
992 3315 1095 3356 rlreillunt
1103 3330 1148 3356 tous
1155 3317 1351 3370 l'aininsdpulerah

316 3385 508 3453 21Mmu'cfpis'5,
522 3383 591 3435 Mem
604 3381 708 3436 tradidit
720 3384 789 3435 sues·
863 3376 1074 3426 S'ennrgusillirenenr
1082 3378 1106 3414 de.
1113 3378 1195 3415 redeuil
1203 3379 1323 3430 triomphal.

283 3461 374 3516 Claud.
391 3463 485 3524 r;Tib.
500 3484 512 3532 7
528 3463 573 3518 tin.
794 3519 796 3526 Α
873 3462 895 3512 5.
908 3457 998 3530 Longo
1008 3463 1105 3514 itinere.
1122 3460 1161 3513 Ab
1174 3461 1237 3514 urbe
1253 3462 1349 3516 Ticino

314 3541 338 3591 3.
361 3541 460 3612 Ingens
482 3545 600 3594 civium...
626 3543 789 3610 coloniisque·
838 3539 956 3591 lloruam.
967 3537 1047 3590 Tacit.
1064 3539 1148 3590 Annal
1161 3539 1304 3604 lll‚5init.

175 3685 177 3692 y
282 3617 363 3672 ltlulta
376 3617 453 3673 Corn.
462 3619 542 3671 'l'aeit
550 3618 645 3672 similia
655 3617 693 3669 his
704 3617 788 3681 babet,
872 3616 896 3668 b
912 3616 1073 3669 Ardeatibus
1086 3621 1165 3686 rogis,
1185 3617 1348 3671 inhonorem

281 3717 360 3766 quum
382 3696 530 3749 Germanici
548 3694 661 3766 reliquiis
678 3693 789 3747 redditos
839 3695 917 3748 Drusi
934 3694 1077 3760 exstructis,
1098 3695 1204 3766 ideoque
1229 3695 1349 3750 Cenota-

280 3797 325 3850 per
335 3784 414 3828 totam
430 3775 529 3827 ltaliam
549 3774 658 3826 honores
681 3785 767 3826 narrat
781 3812 788 3837 ,
838 3769 911 3844 plriis.
924 3772 1024 3825 Similia
1035 3785 1119 3826 narrat
1134 3773 1215 3825 Tacit.
1228 3775 1260 3826 do
1272 3777 1349 3828 fune-

281 3853 329 3906 boe
341 3853 477 3928 prasertim
489 3853 515 3904 iu
535 3853 591 3906 loeo
603 3871 610 3905 :
629 3874 641 3898 a
654 3855 737 3922 Atque
745 3849 789 3903 ubi
839 3871 866 3904 re
876 3849 1029 3904 Gemaniei.
1041 3851 1136 3903 Annal.
1147 3851 1200 3914 lll,
1218 3873 1239 3904 n.

282 3931 396 3985 colonias
407 3930 647 4004 transgrederentur,
653 3942 732 3982 atrata
739 3931 790 4003 ple·
872 3947 894 3997 7.
908 3927 1019 3980 Tumulo
1029 3965 1036 3994 ,
1047 3929 1192 3993 mausoleo,
1212 3931 1282 4000 quod
1295 3934 1350 3983 Au·

281 4009 454 4070 bes.trabeeti
462 4009 624 4082 equites‚pro
633 4007 722 4082 opibus
730 4007 788 4075 loti,
838 4017 924 4078 gustus
947 4005 997 4058 sibi
1011 4006 1111 4078 suisque
1136 4019 1258 4060 struxerat
1280 4007 1348 4059 inter

282 4102 375 4143 vestem
391 4127 399 4154 ‚
415 4087 505 4140 odores
521 4126 529 4152 ‚
547 4085 646 4156 aliasque
671 4089 788 4139 funerum
838 4083 995 4137 Flaminiam
1011 4084 1077 4136 vium
1092 4085 1224 4158 ripamque
1239 4085 1348 4141 Tiberia.

281 4167 396 4220 solennia
408 4165 559 4218 cremabant.
574 4164 656 4216 Etiam
678 4184 788 4234 quorum
840 4163 945 4214 Sueton.
957 4164 1065 4234 August.
1078 4183 1132 4216 roo.

283 4246 380 4298 diversa
392 4243 499 4319 oppida,
515 4258 598 4298 tamen
614 4243 684 4297 obvii
696 4255 720 4296 et
732 4243 789 4294 vie·
872 4245 893 4294 t.
901 4243 966 4296 Plus
1014 4263 1130 4312 queam...
1139 4243 1273 4297 temetum
1288 4256 1349 4297 erut
