2978 4942
480 423 574 498 tin.
602 426 679 514 1t,
706 427 817 494 ese.
842 421 890 494 x.
1158 427 1223 522 477

198 543 246 623 Χ.
264 553 463 647 Depositum
476 554 622 623 reddere
637 557 663 636 ¹,
678 578 742 648 per
752 578 853 623 seres
864 529 1054 647 expetenda
1067 568 1117 622 est
1133 581 1140 621 :
1155 579 1224 623 non

146 685 262 740 tumen
281 693 416 763 semper
432 668 599 753 reddam,
620 693 686 738 nee
706 670 861 762 quolibet
876 653 972 754 loco,
992 695 1057 740 nec
1070 672 1225 764 quolibet

146 803 314 880 tempore.
330 785 526 879 Aliquando
538 786 627 854 nihil
639 787 800 870 interest,
818 787 932 860 utr‘um
945 787 1088 868 infitier,
1106 810 1150 855 an
1165 811 1227 880 pa-

147 902 217 972 lam
234 902 409 973 reddam2.
426 902 590 971 Intuebor
611 903 792 971 utilitatem
815 904 913 997 ejus,
940 905 995 971 cui
1023 903 1222 973 redditurus

147 1045 243 1105 eum,
266 1036 301 1089 et
317 1021 510 1089 nociturum
529 1020 580 1088 illi
608 1019 800 1116 depositum
826 1019 972 1114 negabo.
997 1019 1093 1088 Idem
1107 1023 1143 1090 in
1162 1023 1227 1090 be-

148 1138 275 1206 neficio
290 1138 409 1206 lucium
428 1165 435 1204 :
454 1136 579 1204 videbo
595 1135 733 1230 quando
747 1136 843 1219 dem,
861 1136 1009 1205 cuidem
1026 1188 1035 1222 ,
1059 1113 1226 1231 quemad-

149 1255 314 1340 modum,
337 1278 456 1348 quare.
477 1254 573 1322 Nihil
595 1255 686 1322 enim
706 1255 780 1322 sine
796 1254 927 1322 ratione
945 1253 1136 1323 iaciendum
1155 1272 1224 1342 est3
1253 1297 1267 1327 ι

148 1395 220 1440 non
233 1386 284 1440 est
295 1388 409 1440 eutem
423 1371 628 1440 beneficium
642 1421 651 1453 ,
668 1371 735 1438 nisi
748 1369 841 1463 quod
855 1373 986 1438 ratione
1000 1367 1100 1439 datur
1118 1397 1125 1440 ε
1140 1397 1228 1464 quo-

149 1491 244 1556 niam
262 1490 349 1557 ratio
367 1490 477 1556 omnis
495 1488 630 1556 honesti
648 1511 760 1556 comes
783 1502 847 1555 est.
874 1486 988 1578 Quom
1009 1511 1097 1581 saepe
1116 1486 1230 1556 homi-

149 1630 235 1672 num
247 1655 256 1687 ,
269 1605 486 1672 donationem
500 1628 594 1673 sunm
605 1602 829 1673 inconsultam
839 1595 1126 1698 objurgantium³,
1139 1605 1229 1674 hanc

149 1723 310 1791 audimus
323 1745 459 1804 vocem,
480 1721 620 1790 Mallem
641 1719 853 1815 perdidisse,
875 1745 977 1812 quam
996 1721 1047 1788 illi
1066 1721 1231 1791 dedisse?

149 1839 404 1933 Turpissimum
417 1862 526 1933 genem
540 1837 655 1906 damni
670 1829 744 1905 cst⁴
760 1837 952 1905 inconsulta
967 1835 1125 1921 donatio,
1142 1841 1232 1908 rnul-

150 1969 257 2045 toque
277 1953 431 2046 gravius,
455 1951 540 2019 male
559 1950 692 2020 dedisse
711 1952 941 2035 beneficium,
962 1977 1064 2044 quam
1082 1977 1152 2022 non
1169 1978 1232 2022 re·

150 2071 298 2163 cepisse.
320 2069 448 2140 Aliena
467 2069 559 2136 enim
579 2069 679 2161 culpa
696 2082 748 2136 est
759 2061 784 2150 ⁵,
807 2066 901 2160 quod
917 2093 986 2137 non
1005 2071 1198 2162 recepimus
1218 2097 1226 2137 :
1255 2095 1271 2148 3

151 2185 248 2278 quod
259 2187 315 2252 cui
329 2182 488 2254 daremus
500 2208 568 2253 non
581 2184 752 2278 eligimus,
765 2199 891 2253 nostra.
909 2186 949 2252 In
962 2185 1128 2255 electione
1142 2187 1231 2254 nihil

149 2305 279 2384 minus,
288 2327 390 2395 quom
400 2300 567 2397 hocquod
576 2317 612 2369 tu
622 2303 805 2389 existimas,
818 2302 978 2395 spectabo
992 2328 1013 2371 e
1026 2327 1094 2395 quo
1109 2328 1230 2398 recep-

152 2435 253 2486 turus
264 2412 457 2509 sim⁶tcligo
467 2417 558 2485 enim
571 2440 648 2484 eum
663 2416 722 2507 qui
738 2432 867 2509 gratus,
881 2439 949 2484 non
960 2417 1019 2510 qui
1034 2415 1231 2487 redditurus

150 2536 210 2605 sit.
227 2537 322 2628 Saepe
335 2547 450 2603 autem
467 2550 503 2601 et
515 2558 586 2602 non
603 2531 801 2602 redditurus
816 2550 933 2627 gratus
946 2549 1014 2619 est3
1028 2535 1229 2629 ctingratus

188 2721 222 2773 X·
237 2723 309 2774 Anc-
325 2718 475 2794 Depositum
491 2717 597 2772 reddere
614 2737 668 2772 rem
719 2717 795 2770 Nihil
804 2737 866 2791 ergo
874 2716 925 2789 jam
934 2717 1037 2772 interest
1047 2717 1112 2770 bene
1124 2738 1157 2771 en
1165 2720 1231 2772 msle

152 2819 208 2852 csse
219 2796 353 2851 honestum
372 2811 396 2850 ct
411 2797 439 2850 in
448 2817 475 2849 se
488 2795 666 2868 expetendam
718 2793 820 2846 reddite
831 2815 858 2847 re
867 2793 911 2846 ille
921 2815 1011 2848 usurus
1020 2795 1052 2848 sit
1059 2795 1103 2866 qni
1115 2815 1172 2849 esm
1182 2816 1233 2850 cre·

151 2895 228 2950 posse
237 2888 322 2928 tamen
329 2874 390 2946 eligi
395 2873 451 2941 ubi,
460 2872 574 2944 quondo,
582 2893 669 2944 quem·
718 2871 798 2933 didit;
808 2873 948 2945 reposcenti
956 2872 1039 2925 stetim
1050 2873 1180 2926 reddenda
1188 2887 1232 2927 est.

152 2953 299 3008 admodum
317 2952 476 3006 reddendum
492 2951 531 3004 sit.
554 2952 619 3003 ltero
640 2950 669 3004 in
752 2951 776 3003 3.
796 2951 972 3006 Domtionem
991 2971 1070 3004 suom
1088 2954 1233 3020 objurgan-

151 3031 281 3088 beneficio
294 3033 387 3088 dendo.
399 3033 431 3086 ln
444 3033 513 3086 illius
525 3052 587 3084 vero
598 3032 670 3086 elec·
718 3033 793 3082 tium.
802 3030 857 3084 sibi
867 3031 933 3085 msle
942 3033 1101 3106 precantium
1109 3030 1142 3086 ob
1152 3033 1232 3100 dens,

153 3111 226 3162 tione
241 3109 285 3184 qui
302 3109 456 3163 beneficium
471 3121 617 3181 accepturus
634 3120 671 3160 est
720 3119 744 3158 et
755 3120 810 3160 acto
823 3127 871 3160 suo
887 3108 1102 3162 maledicentium.

154 3186 670 3259 etproindenobisobligandus,spectsn·
755 3185 1233 3256 4.Tu1ps'ess'mumgeeusdomns‘est.

154 3267 221 3320 dnm
235 3286 287 3320 esse
300 3267 416 3342 inprimis
429 3267 554 3320 animum.
721 3261 765 3314 ste
787 3281 877 3316 omnes
894 3264 968 3318 codd.
985 3267 1052 3317 Ante
1075 3267 1204 3319 lllnretum
1225 3285 1233 3318 :

194 3365 215 3395 ι.
236 3344 393 3412 Depositum
413 3345 537 3410 reddere,
570 3355 616 3395 etc.
637 3339 672 3392 Ut
724 3339 920 3409 Turpissimum
938 3362 1020 3412 genus
1037 3344 1167 3413 perdendi
1187 3353 1233 3397 est.

155 3423 236 3476 verbo
250 3443 386 3490 moneam,
402 3422 515 3496 eicmplo
531 3422 564 3474 sit
574 3421 670 3485 homo,
696 3439 697 3444 ¹
755 3419 1102 3489 5.A11'enaenimcu1paese‚
1114 3433 1158 3474 ete.
1171 3421 1233 3476 Hoee

155 3502 203 3572 qui
213 3501 317 3555 sanitate
327 3501 418 3555 mentis
427 3515 499 3555 utens
510 3519 564 3552 rent
575 3498 671 3552 nocitu-
721 3497 750 3550 in
770 3498 918 3570 antegressis
943 3498 1034 3572 sepius
1055 3499 1234 3567 obvenerunt,

155 3599 226 3643 nm,
239 3600 261 3632 e.
270 3601 292 3632 c.
305 3581 436 3653 gladium,
447 3599 575 3632 vencnum
585 3617 591 3646 ,
601 3597 671 3630 eom·
721 3594 800 3644 quum
814 3575 923 3643 diceret,
941 3595 978 3629 res
993 3577 1058 3630 intes·
1072 3578 1171 3630 animos
1183 3597 1233 3651 ge-

156 3658 257 3711 miserit
268 3657 328 3722 tibi,
350 3677 426 3730 quern
440 3669 524 3709 mente
541 3667 613 3726 cspto
629 3655 672 3706 ei—
721 3652 792 3705 riter.
807 3653 850 3706 Sic
863 3655 909 3720 tV,
924 3653 949 3718 3,
969 3675 978 3708 ι
993 3653 1099 3708 divitem
1112 3654 1234 3728 importu-

157 3735 219 3789 dem
232 3737 373 3810 reposcenti
384 3755 515 3805 nunquam
525 3731 671 3786 reddideris.
722 3750 783 3783 num
797 3730 911 3796 vocavit,
927 3751 1003 3802 quesn
1020 3731 1044 3786 b.
1060 3732 1076 3784 l.
1095 3731 1233 3806 indignum

193 3836 217 3866 a.
231 3817 385 3884 Aliquando
395 3814 462 3866 nihil
470 3819 606 3866 interest...
617 3811 673 3862 red-
722 3807 836 3882 appellet

157 3895 234 3946 dam.
243 3891 302 3944 Non
312 3911 402 3945 verum
411 3888 459 3944 boc
468 3890 577 3962 dogma,
590 3905 673 3956 neque
756 3885 781 3940 6.
792 3891 819 3942 A
829 3907 880 3958 quo
890 3896 1033 3957 recepturus
1043 3891 1103 3940 se'm.
1112 3887 1160 3941 Vel
1170 3891 1234 3963 grati

158 3968 341 4040 esdisciplinse
355 3966 674 4040 Stoicaeseveritetepstct.
724 3965 804 4019 animi
824 3965 950 4018 indicium
973 3965 1171 4036 quodcumque,
1195 3969 1235 4020 vel

158 4049 277 4119 Namque
297 4046 438 4122 depositum
458 4045 531 4099 nohis
548 4046 595 4098 hse
616 4043 672 4115 lege
723 4062 786 4097 rem.
798 4041 963 4096 Reddeturne
973 4043 1042 4114 quod
1055 4063 1113 4099 mox
1122 4045 1235 4118 sequitur

159 4124 337 4178 concreditum
346 4125 404 4192 fuit,
414 4138 442 4177 ut
452 4144 503 4196 qno
515 4135 629 4196 ternpore
640 4119 673 4172 il·
723 4141 777 4174 non
788 4120 900 4194 ejusdcm
909 4121 1051 4174 latitudinis
1059 4143 1107 4177 vox
1117 4138 1160 4178 est.
1168 4127 1235 4178 Nom

158 4202 205 4256 lud
215 4217 394 4276 reposceretur,
404 4204 487 4257 ststitn
498 4201 671 4256 redderemus.
723 4199 755 4250 de
766 4219 793 4255 re
812 4199 870 4251 dats
883 4197 966 4250 solnm
986 4199 1085 4272 egitur3
1103 4215 1131 4254 ut
1152 4203 1236 4255 videre
