2976 4944
342 451 385 494 no
620 421 687 487 DE
712 422 1093 496 PROVIDENTIA

298 553 500 640 5.advcrsus
517 574 619 642 quem
635 552 702 620 vim
723 575 816 618 suam
838 549 1002 620 intendat.
1028 554 1147 644 Ignem
1170 555 1344 648 experitur
1364 556 1399 620 iu

338 670 451 736 Mucio
464 679 472 713 ¹
487 717 496 750 ‚
512 682 743 759 paupertatem
761 669 799 734 in
817 667 994 748 Fabricio,
1016 668 1169 736 exsilium
1186 671 1222 737 in
1238 671 1396 745 'Rutili0‚

337 795 502 852 tormenta
521 781 564 847 in,
579 781 711 872 Regulo
730 776 757 862 ³,
776 805 945 851 venenum
966 782 1002 847 in
1020 782 1178 863 Socrate,
1200 799 1341 852 mortem
1362 783 1398 848 iu

334 899 473 966 Catone.
510 899 671 988 Magnum
698 895 907 989 exemplum,
937 898 1002 964 nisi
1029 896 1117 966 mala
1142 898 1297 981 fortuna,
1327 924 1395 966 nou

333 1013 474 1082 invenit.
494 1012 613 1080 Infelix
631 1028 682 1080 est
697 1013 852 1094 Mucius,
867 1011 961 1104 quod
983 1012 1120 1080 dextera
1137 1015 1234 1107 ignes
1248 1015 1393 1082 bostium

333 1131 476 1222 premit,
499 1130 617 1220 etipse
632 1153 654 1195 a
672 1152 707 1195 aa
726 1128 831 1220 exigit
845 1128 970 1194 erroris
985 1128 1037 1194 sui
1053 1131 1196 1221 poenas?
1215 1130 1308 1220 quod
1326 1134 1396 1200 tte-

322 1267 427 1336 gm,
458 1267 559 1335 quem
581 1257 708 1309 armata
730 1267 832 1309 manu
854 1267 919 1308 nou
944 1242 1074 1334 potuit,
1107 1259 1222 1310 exusta
1244 1239 1396 1339 ‘fugati'

329 1356 425 1449 Quid
443 1358 555 1449 ergo?
575 1355 705 1424 felicior
724 1371 829 1438 esset,
847 1357 876 1424 si
897 1358 933 1424 in
951 1358 1028 1425 sinu
1046 1358 1161 1424 amicae
1180 1359 1307 1426 foveret
1325 1385 1395 1427 ma-

287 1505 303 1556 5
321 1475 437 1540 num?
454 1472 575 1540 Infelix
598 1486 650 1540 ost
669 1471 846 1539 Fabricius
858 1465 884 1554 ⁵,
905 1472 996 1563 quod
1010 1497 1068 1540 rus
1086 1498 1204 1556 auum,
1228 1491 1391 1566 quantum

327 1613 348 1656 a
364 1588 552 1680 Republica
571 1589 721 1669 vacavit,
745 1587 857 1654 fodit?
875 1587 966 1679 quod
983 1583 1109 1658 bellum
1130 1606 1196 1657 tam
1213 1616 1289 1659 cum
1305 1595 1393 1684 Pyr-

324 1706 412 1786 rho,
435 1727 536 1794 quam
564 1727 641 1770 cum
668 1700 795 1770 divitiis
822 1705 937 1796 gerit?
957 1701 1048 1795 quotl
1075 1703 1119 1771 ad
1145 1706 1253 1773 focum
1280 1725 1391 1774 coenat

323 1823 401 1896 illas
416 1823 505 1914 ipsas
522 1817 674 1900 radices,
692 1834 726 1885 et
744 1819 887 1902 herbas,
905 1822 1039 1910 quasin
1054 1845 1136 1916 agro
1155 1814 1390 1916 ⁶triumphalis

306 2035 308 2042 ’
323 2042 368 2076 vos
386 2043 443 2075 curn
463 2024 563 2074 fortuna
584 2032 756 2092 componunt;
771 2040 829 2084 vos,
880 2020 908 2073 Si
920 2041 974 2074 non
986 2036 1101 2088 enasset,
1112 2024 1204 2075 fecerat
1214 2023 1258 2076 illa
1269 2025 1361 2076 minus.
1373 2049 1386 2070 ι»

323 2123 338 2154 o
351 2113 497 2174 perpetuum
508 2099 591 2162 beati,
603 2097 678 2150 uibili
691 2099 797 2152 iaciunt!
912 2101 936 2151 5.
947 2098 1088 2152 Fabricius
1090 2131 1131 2151 .....
1142 2103 1214 2170 quod
1224 2102 1387 2172 adseram...

359 2199 379 2232 ι.
392 2177 489 2240 illusio.
508 2177 560 2244 Qui
576 2195 678 2228 manum
691 2195 762 2226 suam
778 2175 829 2245 ipse
879 2179 965 2229 vulsit.
977 2177 1042 2245 Quae
1054 2177 1094 2230 bic
1105 2177 1136 2230 tle
1148 2181 1177 2231 ll.
1192 2193 1275 2232 narrat
1283 2183 1384 2246 Noster,

324 2259 349 2309 in
360 2259 417 2310 loco
431 2255 566 2309 combussit
576 2255 697 2308 Scaevola.
709 2253 827 2316 ELivio,
878 2253 923 2305 alii
935 2255 1000 2318 (Cic.
1011 2254 1064 2307 Cic.
1075 2255 1105 2307 de
1115 2257 1204 2308 Seuer.
1215 2257 1253 2309 tii.
1262 2258 1329 2310 Plin.
1340 2258 1386 2310 lib.

323 2335 416 2400 Floro,
437 2333 544 2405 Dionys.
560 2330 642 2384 llalic.
659 2330 702 2383 lib.
718 2332 753 2393 V;
771 2329 829 2384 Val.
879 2331 986 2404 lll,eap.
1004 2351 1042 2403 19,
1054 2333 1093 2397 ab,
1108 2335 1137 2400 4,
1150 2333 1384 2406 uictumuias.

322 2409 829 2483 tttuim.tih.111‚capp.2ett;senec.
877 2409 921 2461 lib.
934 2411 982 2474 lV,
994 2411 1091 2482 cap.3,
1109 2414 1131 2463 5.
1147 2415 1232 2476 etc),
1250 2412 1279 2463 tle
1295 2414 1385 2465 Manio

323 2491 400 2564 Epist.
421 2505 497 2554 txvt,
510 2487 554 2540 lib.
568 2489 608 2554 ll,
622 2508 675 2562 cap.
690 2507 733 2553 ta,
753 2487 829 2539 aliis-
881 2484 957 2537 Curio
969 2486 1073 2539 tradunt
1084 2504 1181 2559 :neque
1191 2488 1251 2540 inde
1263 2489 1383 2559 colligas,

322 2589 371 2639 que
386 2581 444 2620 nota
461 2586 499 2618 res
513 2579 556 2618 est.
878 2565 998 2616 Nostrum
1021 2565 1126 2618 nomina
1148 2566 1260 2618 virorum
1282 2567 1383 2618 illorum

355 2667 377 2698 a.
395 2646 504 2699 Rutilio.
528 2646 603 2698 Couf.
623 2645 656 2696 ad
674 2643 776 2696 Consol.
797 2644 827 2696 ad
878 2660 1019 2700 coaevorum
1033 2643 1184 2696 confudisse.
1198 2645 1258 2697 Nou
1271 2644 1384 2696 enimarl

322 2725 401 2777 lllarc.
416 2745 472 2794 cap.
483 2745 530 2788 sn,
545 2744 575 2789 a,
595 2736 619 2773 et
638 2721 772 2787 Athenaei,
787 2719 828 2772 lib.
878 2719 1007 2772 historiam
1024 2721 1135 2792 aliquam
1154 2723 1258 2794 respexit
1276 2723 1381 2786 Noster,

322 2802 369 2868 tV,
385 2821 438 2877 cap.
455 2822 501 2872 19,
513 2819 570 2874 pag.
583 2802 646 2865 255,
659 2799 698 2851 ed.
708 2799 829 2854 Scbtefer.
878 2797 921 2848 sed
933 2797 965 2849 de
976 2810 1026 2850 tota
1032 2797 1137 2850 vivendi
1144 2800 1240 2852 ratione
1252 2799 1381 2862 Fabricii,

355 2879 378 2931 3.
395 2879 534 2930 Tormenta
546 2882 573 2930 in
587 2877 696 2945 Ilegulo.
712 2877 831 2947 Sequitur
878 2885 906 2924 ut
918 2873 1045 2940 bominis,
1063 2875 1178 2947 antiquos
1193 2896 1274 2928 mores
1284 2878 1380 2938 secuti,

322 2957 412 3008 Noster
423 2955 552 3027 vulgarem
566 2955 734 3006 narrationem
748 2975 761 3006 e
775 2954 829 3006 Cic.
879 2951 1038 3022 ejusdemque
1059 2955 1185 3027 pauperis,
1205 2955 1318 3008 retulisse
1334 2978 1382 3028 pu·
1481 2989 1482 2996 κ

322 3036 375 3086 Oli.
392 3035 436 3086 lib.
450 3035 503 3097 Ill,
517 3053 569 3102 cap.
584 3034 622 3084 25.
638 3032 723 3083 Finib.
737 3029 780 3084 lib.
795 3034 828 3095 V,
879 3029 967 3082 tandm
979 3042 1021 3083 est.

322 3135 375 3187 cap.
390 3132 441 3182 27,
463 3125 509 3166 cte.
529 3124 624 3163 notam.
640 3112 730 3163 Totam
745 3123 829 3164 tamen
909 3107 933 3158 6.
953 3111 985 3160 In
1003 3129 1067 3178 agro
1086 3110 1262 3178 triumphalis.
1282 3110 1381 3183 Lipsius

323 3194 388 3246 bano
408 3191 539 3245 historiam
557 3188 696 3242 fabulosam
716 3202 740 3241 et
758 3209 828 3240 com·
876 3187 912 3238 sic
923 3188 1069 3260 repurgavit
1083 3201 1191 3253 mamm,
1209 3189 1339 3243 eliminato
1348 3201 1381 3260 τῳ·

325 3271 464 3326 mentitism
472 3289 524 3322 esso
531 3269 626 3342 primus
634 3267 720 3320 docuit
730 3267 828 3320 Palma·
877 3267 1054 3333 repurgando,
1065 3267 1196 3320 nonnullis
1202 3269 1262 3320 blss.
1270 3267 1382 3340 adstipu-

324 3351 375 3403 rius
389 3349 416 3401 in
430 3346 669 3410 Exercitatiouibus‚
683 3358 706 3398 et
725 3345 829 3417 quidem
854 3393 856 3398 .
877 3340 994 3396 lantibus.
1003 3343 1090 3395 Tacite
1100 3345 1188 3416 probat
1197 3346 1265 3401 tlt.
1276 3347 1384 3400 Gesner.

324 3429 355 3482 ad
368 3427 474 3500 Appian.
493 3445 549 3497 pag.
568 3427 609 3492 ¹47
627 3437 652 3478 et
673 3427 731 3488 152,
749 3424 831 3477 bisto-
878 3417 917 3470 vir
939 3421 1112 3488 xptltzairaloq,
1135 3423 1165 3474 ad
1197 3423 1383 3476 Chrestomatlt.

324 3506 382 3558 ricis
390 3503 545 3576 argumentis
556 3503 627 3555 nixus
636 3521 641 3556 :
649 3502 691 3554 eui
699 3502 829 3555 sententiae
880 3495 1052 3571 Plinianpag.
1066 3501 1127 3551 1050
1140 3501 1195 3566 (IV
1207 3502 1266 3554 etlit.
1276 3505 1293 3568 ).
1304 3529 1337 3542 -·
1347 3505 1384 3554 Iu

324 3597 350 3637 et
374 3582 482 3635 Garvius
513 3583 523 3648 (
535 3581 735 3648 Anmerkttugen
768 3599 830 3631 zum
878 3595 942 3644 agur
959 3579 1125 3646 triumphalis
1134 3598 1224 3642 sem,
1240 3594 1285 3634 etc.
1295 3582 1385 3634 Occu-

325 3663 419 3714 dritten
433 3657 591 3720 Boebeida,
614 3655 693 3708 Cicer.
705 3657 736 3708 ‹le
753 3653 829 3709 offic.
879 3653 911 3705 rit
930 3653 1103 3708 celeberrimus
1125 3656 1203 3709 Plinii
1226 3657 1295 3710 locus
1318 3658 1385 3710 llist.

326 3758 381 3812 pag.
391 3739 435 3800 257
445 3755 497 3804 ,ιφ
507 3737 517 3800 )
527 3747 569 3798 ‚ut
577 3733 741 3806 philosophus
749 3735 829 3788 calcu·
880 3732 968 3784 Natur.
980 3733 1033 3784 Lib.
1046 3734 1134 3786 XVlll
1144 3771 1152 3798 ‚
1164 3735 1193 3800 3,
1208 3733 1252 3786 ubi
1270 3735 1302 3787 de
1319 3737 1387 3806 pris-

326 3815 379 3866 lum
391 3833 463 3864 suum
478 3823 543 3862 recte
555 3810 652 3880 adjecit.
879 3809 931 3862 tina
943 3829 1061 3881 agrorum
1072 3811 1182 3864 ubertate
1190 3830 1279 3882 agens:
1289 3809 1384 3878 «Qum-

359 3893 381 3956 4.
396 3891 475 3962 Quod
481 3891 578 3955 Regem
585 3927 593 3951 ,
606 3907 681 3957 quem
690 3899 830 3940 armata...
882 3911 895 3935 r
908 3909 968 3940 nam
992 3908 1051 3962 ergo
1075 3901 1148 3942 tantae
1170 3887 1287 3942 ubertatis
1310 3909 1385 3941 causo

316 3971 407 4041 sugat.
423 3967 497 4022 Haud
513 3966 581 4020 abest
593 3987 606 4019 a
620 3967 708 4020 Seuer.
721 3967 830 4020 Martial.
881 3987 894 4012 t·
906 3965 975 4018 erat?
988 3967 1100 4039 lpsorum
1117 3980 1178 4019 tunc
1197 3965 1312 4018 manibus
1330 3965 1388 4016 iut-

326 4048 513 4121 Epigrammate
534 4046 584 4116 jam
603 4044 704 4098 laudato
725 4044 789 4110 (lib.
801 4047 828 4110 Ι,
880 4064 894 4089 t»
905 4057 1047 4114 paratorum
1059 4044 1204 4096 colebantur
1216 4043 1287 4115 agri,
1306 4055 1335 4094 ut
1349 4047 1386 4095 las

327 4141 400 4189 xxti,
414 4145 460 4176 vss.
474 4145 485 4194 7
500 4137 524 4176 et
539 4125 590 4188 8),
609 4122 708 4175 dicens:
724 4145 737 4169 a
747 4123 831 4193 lllajor
881 4143 894 4166 ι·
907 4121 1061 4184 estundere,
1072 4121 1271 4194 gaudenteterrs
1281 4140 1385 4172 votnm-e

327 4203 434 4272 deceptae
449 4203 515 4262 lama
531 4213 566 4252 est
582 4213 605 4250 et
622 4199 702 4271 gloria
720 4199 831 4252 derue:
881 4199 1016 4251 »laureato
1039 4212 1063 4250 et
1090 4198 1236 4270 triumphali
1251 4210 1354 4250 aratorr.
