2990 4942
503 509 816 580 clrurxvr.
900 512 969 542 ·‘
1138 537 1182 602 97

106 659 195 728 nihil
216 657 278 726 tibi
305 658 437 737 deerit,
464 674 589 753 praeter
608 681 799 728 numerum.
823 655 877 725 Ab
900 655 955 724 bis
982 655 1026 723 ad
1044 671 1184 748 nepotes
1210 645 1213 656 ⁹

107 803 246 871 quoque
264 783 395 873 respice
420 805 427 846 ε
449 784 601 849 Marcum
616 785 647 864 ¹,
671 779 926 848 blandissimum
946 803 1110 871 puerum,
1139 777 1183 845 ad

108 901 207 993 cujus
217 919 435 995 conspectum
448 902 542 970 nulla
552 917 668 995 potest
687 901 812 970 durare
826 901 963 970 tristitia
982 930 992 986 3
1009 901 1097 968 nihil
1116 905 1183 968 tani

109 1049 292 1118 magnum,
307 1026 396 1092 nihil
413 1039 480 1092 tam
497 1049 615 1092 recens
633 1027 670 1093 in
683 1025 884 1117 cujusquam
901 1040 1039 1117 pectore
1055 1023 1179 1106 buerit,

109 1146 203 1239 quod
220 1172 289 1215 non
308 1147 532 1216 circumfusus
556 1151 568 1181 ²
594 1145 651 1214 ille
678 1146 900 1240 permulceat.
923 1145 1028 1238 Cujus
1047 1169 1115 1212 non
1134 1145 1183 1212 la·
1213 1149 1244 1215 ¹4

108 1273 233 1337 crimas
265 1271 356 1338 illius
385 1267 538 1337 hilaritas
563 1269 779 1364 supprimat?
806 1243 903 1360 cujus
930 1294 998 1336 non
1030 1283 1184 1336 contrac-

109 1411 180 1460 tum
207 1392 434 1461 sollicitudine
448 1393 597 1460 animum
615 1373 708 1464 illius
723 1387 886 1486 argutiae³
908 1393 1062 1460 solvant?
1081 1417 1182 1485 quem

109 1540 179 1583 non
196 1517 231 1582 in
243 1516 338 1608 jocos
352 1514 486 1582 vocabit
499 1515 556 1582 illa
569 1514 706 1583 lascivia
719 1517 734 1582 t
747 1539 848 1606 quem
863 1540 930 1583 non
946 1515 981 1582 in
996 1538 1032 1582 se
1046 1537 1184 1582 conver·

111 1654 161 1706 tet
187 1655 223 1706 et
249 1637 419 1718 abducet,
446 1639 587 1706 infixum
615 1636 896 1729 cogitationibus,
928 1637 987 1706 illa
1011 1639 1182 1706 neminem

109 1761 273 1828 satiatura
290 1760 503 1858 garrulitas?
521 1761 611 1828 Deos
632 1784 711 1839 oro,
734 1760 913 1852 contingat
937 1759 1030 1828 bunc
1056 1759 1183 1835 habere

109 1881 212 1950 nobis
233 1882 459 1978 superstitem.
482 1883 523 1948 In
541 1905 595 1948 me
613 1883 722 1950 omnis
742 1881 887 1950 fatorum
912 1879 1097 1950 crudelitas
1118 1883 1186 1958 lasz

109 2019 183 2071 sata
194 1999 371 2071 consistat!
383 2000 553 2094 quidquid
565 1981 663 2070 matri
677 2001 861 2091 dolendum
873 2003 949 2086 luit,
965 2005 999 2070 in
1009 2028 1062 2072 me
1073 1980 1184 2072 trana-

110 2122 409 2216 ierithuidquid
434 2126 539 2204 aviae,
568 2126 605 2192 in
628 2148 681 2192 me
702 2121 709 2190 !
738 2125 875 2194 Floreat
898 2127 1031 2217 reliqua
1061 2128 1098 2194 in
1122 2151 1186 2195 suo
1213 2131 1241 2181 ¹⁵

108 2264 201 2316 statu
222 2247 321 2316 turba
337 2275 344 2313 ε
361 2247 449 2315 nihil
466 2246 509 2316 de
527 2246 694 2329 orbitate,
716 2248 804 2340 nibil
824 2246 868 2316 de
893 2248 1087 2317 conditione
1108 2274 1184 2318 mea

109 2393 250 2462 querar.
277 2369 416 2439 Fuerim
445 2383 574 2437 tantum
602 2368 689 2436 nibil
712 2369 857 2462 amplius
880 2368 1036 2438 doliturae
1064 2371 1182 2439 domus

109 2496 333 2586 piamentum.
355 2493 452 2558 Tene
472 2492 507 2558 in
528 2491 657 2583 gremio
677 2506 734 2558 tuo
755 2492 822 2559 cito
843 2491 904 2558 tibi
925 2492 1078 2561 daturam
1100 2518 1182 2588 prn-

109 2630 252 2709 nepotes
271 2613 471 2682 Novatillam
483 2605 510 2679 ⁴.
531 2613 644 2704 Quam
661 2613 762 2680 sicin
782 2637 835 2680 me
853 2616 1112 2700 transtuleram,
1134 2619 1183 2685 sic

109 2738 195 2804 mibi
220 2735 486 2828 adscripseram‚
511 2748 550 2801 ut
570 2735 675 2826 possit
695 2732 824 2816 videri,
852 2735 945 2828 quod
969 2762 1022 2804 me
1045 2739 1177 2820 amisit,

108 2859 265 2952 quamvis
283 2857 374 2924 salvo
391 2871 508 2948 patre,
531 2855 661 2948 pupilla
681 2848 707 2921 ⁵.
735 2859 831 2924 Hanc
849 2874 885 2925 et
901 2883 964 2951 pro
983 2883 1037 2927 me
1059 2860 1177 2954 dilige.

107 2981 262 3049 Abstulit
282 2980 330 3047 illi
352 3003 463 3071 nuper
483 2979 617 3046 fortuna
640 2995 781 3052 matrem
801 3007 807 3046 :
826 2997 884 3050 tua
906 2998 1017 3074 potest
1041 2984 1180 3054 allicere

107 3107 236 3198 pietas,
259 3119 296 3170 ut
313 3100 502 3194 perdidisse
525 3123 561 3167 se
585 3116 725 3169 matrem
748 3101 860 3170 doleat
886 3119 1034 3187 tantum,
1058 3132 1125 3175 non
1146 3125 1181 3175 et

106 3329 219 3402 gemitus
230 3328 367 3402 supprimet
377 3324 539 3398 doloremque
551 3326 619 3378 mul·
668 3326 801 3399 ingenium
808 3329 841 3381 ab
853 3330 906 3400 ejus
916 3329 1062 3406 biograpbis
1074 3334 1178 3388 laudan·

105 3406 197 3468 rebitt
223 3405 331 3458 dnonnn
354 3405 431 3479 pietas
453 3405 616 3457 solitudinem
666 3418 724 3468 tur,
740 3405 850 3476 denique
860 3409 1031 3482 tetas=egregie
1041 3414 1177 3486 congruit:

105 3499 176 3538 tuam
187 3485 318 3557 implebit,
332 3505 378 3538 nec
386 3484 452 3537 sinet
457 3504 565 3536 vacuum
573 3483 617 3536 ali·
667 3495 740 3536 netus
748 3483 815 3536 enim
825 3497 860 3537 est
871 3505 893 3537 e.
901 3487 932 3538 U.
942 3485 970 3538 C.
977 3507 1035 3561 792,
1044 3489 1109 3543 obiit
1116 3512 1174 3545 ann.

104 3565 169 3635 quid
178 3563 285 3616 etimne
295 3583 310 3615 a
321 3576 345 3615 :e
355 3563 383 3615 in
390 3563 467 3615 dumo
478 3574 520 3614 tua
530 3562 615 3635 aspici.
666 3560 729 3624 813,
741 3562 819 3615 etatis
828 3582 888 3616 ‚suae
909 3565 948 3620 ab.
973 3565 1073 3641 Septem
1090 3567 1174 3642 itaque

143 3661 163 3694 ι.
171 3642 303 3694 Marcum.
311 3641 397 3693 Nostri
408 3639 507 3707 lilium,
520 3660 548 3692 er
558 3641 615 3714 Lip-
665 3651 753 3692 octove
769 3659 850 3692 annos
862 3642 914 3713 egit
929 3641 977 3695 boc
990 3657 1109 3718 tempore.
1122 3649 1175 3701 Se-

104 3720 136 3772 sii
145 3718 243 3790 jndicio
252 3735 258 3768 :
267 3718 343 3770 rerba
352 3718 420 3770 enim
431 3718 495 3782 μὴ,
509 3732 533 3770 et
542 3731 613 3786 vote,
663 3735 733 3772 netz
743 3737 804 3769 vero
823 3718 977 3792 epigramma
994 3722 1073 3790 Vlll,
1087 3728 1118 3789 5,
1138 3727 1172 3793 b,
1271 3731 1278 3743 '

103 3796 212 3870 qnaebic
223 3807 394 3870 sunt,patrem
403 3796 487 3867 atejus
497 3797 615 3850 ellectum,
662 3797 754 3867 quidni
766 3810 791 3850 et
805 3799 835 3852 de
847 3799 886 3850 Μ.
900 3802 931 3852 Α.
950 3800 1052 3854 bucano
1065 3803 1173 3879 intelligi

103 3873 307 3930 elementatus
325 3887 409 3926 temen
426 3874 542 3928 Marcum
562 3876 616 3928 An·
663 3875 752 3946 possit,
766 3895 818 3927 non
837 3875 920 3928 rideo.

104 3971 191 4005 mm
202 3952 333 4004 lucabum
344 3989 352 4014 ,
362 3963 460 4024 poetam
468 3951 591 4004 celebrem
605 3990 612 4017 ,
697 3973 719 4004 a.
731 3953 1102 4022 Circwnsusus.Collabrtcbiie
1116 3978 1171 4014 am·

104 4028 187 4082 filiurn
204 4029 242 4080 Μ.
263 4029 354 4082 Annaei
369 4029 458 4095 Mete,
472 4029 524 4100 ¹qui
538 4032 614 4084 freter
662 4031 1005 4108 plerusetosculallagitans.
1076 4064 1078 4073 =
1127 4061 1130 4073 ·

104 4106 185 4160 nostri
193 4105 405 4179 initiatelligere.
418 4106 533 4160 Primum
543 4108 612 4162 enim
696 4111 721 4162 3.
730 4113 857 4182 Argutis.
868 4113 953 4180 Sales,
968 4115 1026 4186 ioci.

103 4201 229 4254 nusquam
240 4179 308 4234 lilius
321 4181 423 4236 Senecae
439 4196 611 4247 memoratum
691 4189 1169 4255 4.Nocatillam.'Novetil'retrisfiliam,
1192 4220 1195 4231 ·

101 4261 196 4317 deinde
208 4262 305 4314 Luceni
322 4261 475 4316 hilaritates
494 4263 610 4316 festivum
694 4269 718 4318 5.
734 4267 771 4320 Ut
779 4273 922 4338 pessit-m..
934 4273 1045 4340 pupilla.
1062 4273 1168 4344 Pupilla

223 4355 274 4465 .¹¹·
616 4451 621 4468 ,
986 4393 1007 4459 7
