2976 4944
524 485 699 554 orror
726 485 791 552 v1.
1146 483 1190 572 ³9

66 611 74 626 “
113 608 282 694 notaria,
303 609 501 698 horrenda,
521 614 608 683 dura
625 611 792 683 toleratu!
813 613 940 705 »Quia
954 635 1024 681 non
1036 626 1189 706 poteram

108 749 166 794 voe
183 727 263 797 irtio
277 731 472 800 subducere
484 738 510 817 ¹,
530 733 660 801 animoa
677 749 807 801 vestroe
827 729 990 799 adversus
1004 730 1118 798 omniu
1135 753 1190 797 ar-

111 844 211 912 mavi.
235 848 341 914 Ferte
364 847 515 934 sortiter,
538 849 605 916 hoo
627 863 695 933 est,
717 873 785 942 quo
801 849 939 919 Deum²
956 844 1188 932 antecedatio3

112 959 168 1028 ille
185 978 287 1031 extra
303 966 500 1057 patientiam
515 965 680 1035 malorum
694 981 765 1048 est,
781 990 841 1035 voa
859 988 962 1058 supra
975 963 1187 1057 patientiam.

112 1079 331 1149 Contemnite
343 1097 580 1176 paupertatem
595 1109 603 1150 ε
619 1107 719 1151 nemo
733 1099 801 1152 tam
821 1107 952 1176 pauper
964 1082 1067 1165 vivit,
1089 1105 1191 1173 quam

111 1210 212 1263 natus
231 1188 319 1266 0⁸1³.
341 1200 556 1268 Contemnite
579 1197 756 1268 dolorem:
777 1214 837 1266 aut
855 1196 1023 1278 solvetur,
1044 1211 1103 1264 aut
1126 1196 1193 1264 sol-

110 1301 205 1378 vet‘.
227 1313 444 1384 Contemnite
458 1316 629 1385 fortunam
646 1343 654 1382 :
671 1315 803 1385 nullum
819 1314 870 1381 illi
882 1314 1005 1394 telum,
1023 1336 1091 1404 quo
1107 1312 1191 1378 feri-

112 1441 166 1494 ret
192 1431 365 1512 animum,
394 1430 488 1500 dedi.
514 1434 730 1502 Contemnite
754 1446 897 1500 mortem
922 1456 929 1497 :
952 1453 1029 1522 quae
1054 1453 1114 1498 vos
1133 1444 1193 1495 aut

112 1545 215 1629 linit,
242 1563 302 1615 aut
318 1549 479 1616 transfert
492 1541 518 1616 ⁵.
542 1549 631 1616 Ante
648 1549 762 1617 omnia
779 1549 873 1628 cavi,
898 1570 943 1614 ne
961 1548 1038 1637 quio
1061 1569 1120 1612 vos
1142 1561 1192 1611 te·

113 1658 237 1730 neret⁶
255 1665 378 1734 invitos
393 1691 401 1731 :
416 1681 512 1758 patet
527 1667 649 1733 exitus.
665 1665 701 1734 si
714 1687 870 1758 pugnare
884 1687 953 1730 non
968 1662 1093 1744 vultis,
1112 1661 1192 1729 licet

112 1850 226 1922 platione
245 1851 367 1906 immotus
382 1865 531 1926 perseveret.
550 1850 629 1919 Quod
677 1849 745 1902 nihil
757 1851 809 1923 jam
824 1870 928 1914 sumus,
943 1851 993 1903 nisi
1008 1849 1091 1924 pulvis
1102 1863 1126 1902 et
1137 1870 1193 1903 um·
1259 1907 1263 1914 ,

111 1929 147 1980 rie·
157 1929 266 1982 Veteres
283 1930 316 1983 de
327 1931 442 1999 Mundo,
458 1952 505 1984 nos
521 1931 554 1984 de
571 1931 629 1983 Deo
677 1929 737 1994 bra,
751 1943 794 1982 aut
812 1930 874 1982 aliar
892 1929 920 1981 in
940 1927 1025 2003 plagas
1038 1927 1193 1998 transgredi·

112 2007 190 2058 totius
200 2007 278 2060 molis
288 2021 388 2062 auctore
401 2011 520 2064 dicimur.
677 2028 744 2060 mur.
760 2007 854 2060 Nescio
871 2027 904 2058 au
916 2007 958 2060 hic
971 2006 1085 2060 innuerit
1096 2005 1193 2058 Seneca

146 2103 168 2137 ι.
185 2085 244 2138 Vos
257 2091 316 2138 istis
327 2089 472 2142 subducere.
482 2090 629 2141 Humanam
678 2105 750 2160 porro
770 2099 796 2137 et
813 2086 962 2138 innumeros
980 2083 1070 2158 globos
1086 2084 1131 2154 qui
1149 2102 1192 2157 per

114 2167 193 2219 vitam
208 2168 258 2220 sibi
271 2166 348 2242 fingit
359 2171 468 2224 miseriis
481 2171 628 2242 casibusque
676 2164 754 2216 inane
771 2159 1097 2240 circumferuntur'incoli,
1119 2162 1193 2214 utin

113 2244 253 2298 obnoxiam
273 2247 403 2320 praedam,
421 2269 478 2320 quae
493 2249 541 2302 bac
553 2247 629 2322 potiri
678 2243 865 2314 elegantissimo
877 2240 998 2316 opusculo
1010 2243 1042 2294 de
1052 2245 1082 2294 lo
1095 2241 1193 2293 Plura-

114 2343 215 2398 semper
235 2339 374 2388 conantum
398 2341 504 2379 conatur
524 2347 538 2379 e
560 2337 629 2400 parte
677 2320 1193 2392 lite'desMondesaffirmavitFontenclle,

112 2399 247 2454 auabomo
259 2422 285 2454 se
298 2394 350 2455 titis
359 2403 507 2456 subducere.
679 2415 703 2455 et
711 2401 758 2454 hos
768 2401 874 2455 inlotos
884 2423 931 2453 nos
941 2411 997 2474 post
1007 2411 1114 2451 mortem
1123 2418 1192 2450 corn-

145 2475 631 2550 2.Fertefhr!iter,·lmcest,quoDcum
679 2482 810 2552 migrare;
831 2492 981 2533 nutantum
1007 2479 1070 2531 velit
1091 2475 1193 2550 Elysios

113 2561 283 2612 omeeedotr'r.
297 2557 373 2624 Hoc,
389 2558 411 2612 ri
426 2561 463 2612 ias
479 2559 516 2611 ita
531 2557 631 2620 dicere,
679 2581 783 2640 earppor
796 2573 821 2614 et
832 2561 964 2612 beatorum
982 2557 1077 2611 insulas
1090 2557 1192 2630 piorum

112 2655 189 2708 supra
206 2637 290 2708 ipsum
307 2637 392 2689 Deum
409 2636 558 2710 dignitatem
574 2656 633 2688 ver-
680 2639 798 2693 manibus
808 2652 940 2692 ostentare.
954 2635 1090 2707 Quidquid
1102 2633 1127 2686 id
1142 2634 1192 2700 sit,

112 2729 178 2766 ι111111
188 2713 422 2786 “theutmirum
429 2715 501 2768 1111111
509 2715 576 2768 1111111
582 2715 633 2788 pall
680 2719 760 2791 liquet
769 2721 863 2772 Nostro
872 2717 899 2770 id
908 2737 962 2768 non
971 2732 1114 2768 succurrere
1123 2711 1192 2782 quod

113 2808 213 2868 [otest.
227 2815 273 2848 ror
285 2815 347 2848 vero
358 2795 410 2870 pati
422 2795 539 2870 potestis;
550 2808 576 2846 at
585 2811 633 2846 ao*
682 2798 785 2850 ior-tarro
805 2809 862 2871 poet
882 2807 992 2848 exactam
1007 2792 1086 2844 vitam
1106 2790 1193 2862 pejora

114 2897 158 2947 pra
170 2896 202 2928 ea
212 2896 259 2929 ror
268 2875 400 2942 tollendo,
409 2875 534 2950 bacparte
545 2875 632 2928 Deum
682 2895 730 2928 nor
737 2888 872 2939 maneant;
885 2873 930 2928 red
938 2892 1017 2946 quum
1030 2869 1062 2922 de
1072 2866 1194 2942 sapienti-

114 2954 275 3008 auteeeditis.
484 2967 485 2970 ’
682 2953 730 3006 bur
746 2953 857 3008 arbonis
872 2952 934 3006 viris
945 2962 1049 3024 agatur,
1062 2945 1128 3000 illud
1140 2965 1194 2998 non

148 3033 634 3102 3.Nemotampouperoirit,qunm
682 3033 793 3084 interest.

115 3123 198 3164 natm
215 3123 265 3164 est.
284 3110 417 3182 Siquidem
435 3108 577 3162 bomotam
590 3127 635 3161 ru·
716 3110 741 3162 6.
764 3109 876 3162 Tenent.
902 3106 1041 3159 Retineret.
1068 3104 1194 3158 Caeterum

119 3189 209 3264 perbm
222 3202 249 3241 et
258 3189 440 3242 immensarum
452 3208 529 3260 opum
541 3207 632 3260 conge·
681 3199 733 3240 tota
741 3185 839 3261 pbrarie
848 3186 877 3238 in
885 3185 952 3239 bane
962 3183 1085 3237 relabitur
1095 3195 1195 3235 oenten-

117 3266 154 3317 rie
162 3287 254 3339 parurn
261 3278 393 3319 contentus
402 3305 409 3332 ,
418 3265 503 3318 nudus
513 3265 541 3318 in
549 3264 632 3316 lucem
681 3265 743 3318 tiam
758 3285 766 3319 ι
780 3265 845 3325 ,Non
859 3283 930 3337 poree
943 3262 1055 3334 aliquem
1066 3259 1195 3334 prohiberi

116 3343 252 3416 proditur,
267 3363 348 3414 neque
359 3341 442 3394 solum
457 3341 551 3414 absque
568 3342 634 3395 divi·
681 3343 746 3416 quin
752 3343 891 3407 moriatur,
900 3339 1050 3394 liceremori
1064 3337 1105 3390 coi
1118 3337 1196 3390 libue-

118 3425 169 3488 tiis,
180 3425 225 3476 sed
237 3436 263 3476 et
271 3424 326 3476 eine
335 3423 501 3488 vestimentis,
514 3422 590 3475 etiarn
599 3434 633 3474 te·
681 3425 797 3477 rituAn
807 3419 996 3485 nescis,aiebat
1006 3416 1133 3469 Uticensis
1142 3435 1196 3466 mo·
1238 3452 1242 3458 .

119 3501 257 3554 nuirrimis.
271 3503 358 3555 Minue
373 3521 467 3574 pauper
477 3501 596 3554 conditur
606 3501 633 3553 in
682 3503 791 3564 riturm,
811 3499 937 3575 paulisper
956 3497 1046 3571 spiritu
1065 3512 1194 3568 represso,

117 3579 218 3632 tumulo
229 3593 254 3631 et
266 3580 348 3651 jacet,
365 3599 425 3631 nam
437 3578 518 3630 linteo
531 3577 634 3632 funebri
683 3593 726 3633 aut
737 3580 816 3654 capite
833 3577 865 3630 ad
877 3577 1000 3651 parietem
1015 3573 1099 3640 illiso,
1115 3570 1194 3623 emori

119 3657 271 3710 obvolutmn
284 3657 392 3711 cadaver
404 3670 447 3710 eet
682 3655 781 3711 licere?
793 3680 806 3704 »
822 3655 963 3720 Martialis,
983 3652 1028 3706 lib.
1048 3655 1079 3718 l,
1104 3649 1193 3724 Epigr.

150 3736 248 3802 LAut
260 3739 348 3789 solvet.
360 3736 414 3788 Vos
430 3735 562 3790 nimirum.
577 3737 634 3790 De·
682 3752 779 3790 run-e
802 3759 816 3783 u
837 3732 963 3808 Coniugis
983 3731 1093 3785 audieret
1115 3731 1196 3782 latum

119 3829 226 3870 struetur
245 3816 297 3890 ipre
319 3829 451 3892 tempore,
465 3818 492 3870 vi
507 3816 631 3880 bumana,
683 3835 761 3886 quum
772 3813 864 3867 Porcia
878 3811 961 3873 Bruti,
971 3811 1004 3863 Et
1013 3809 1139 3862 subtracta
1147 3805 1195 3860 ribi

120 3910 161 3950 aut
170 3895 286 3949 bominis
296 3895 376 3949 vitam
385 3896 438 3965 ipre
448 3893 529 3948 finiet.
539 3895 570 3947 ld
580 3913 633 3946 non
682 3907 806 3966 quaereret
820 3913 891 3946 arma
909 3891 983 3944 dolor
993 3908 1000 3942 τ
1011 3888 1134 3942 Nondum
1151 3884 1197 3939 rci-

119 3989 168 4026 tam
181 3974 301 4038 bonnm,
313 3993 367 4025 non
384 3985 435 4025 tam
450 3993 539 4026 rerum
556 3991 633 4044 quam
682 3973 714 4025 tir
727 4011 734 4037 ,
749 3972 799 4038 ait,
817 3984 925 4023 mortem
938 3987 993 4020 non
1004 3986 1076 4040 porse
1090 3960 1199 4038 negari?

120 4052 210 4105 subtile
232 4065 287 4114 ert,
312 4065 338 4105 et
357 4053 490 4105 ἀνῖιθίσιων
515 4052 635 4124 captatori
686 4051 853 4106 Credideram
872 4048 930 4102 satir
948 4046 999 4099 boc
1019 4065 1064 4098 vos
1083 4041 1197 4096 docuisse

121 4135 239 4197 tortasse,
255 4132 313 4184 aliis
324 4131 431 4184 minime
444 4131 559 4206 placebit.
686 4143 782 4206 patrem
793 4128 798 4180 !
809 4127 896 4192 Dixit,
909 4138 934 4176 et
944 4123 1060 4176 ardenter
1072 4121 1148 4176 avido
1159 4119 1199 4173 bi-

150 4207 173 4264 3.
184 4213 242 4263 Aur
251 4212 336 4282 finit,
356 4221 405 4263 aut
422 4211 559 4282 transfert.
578 4211 637 4280 Qua
686 4209 724 4262 bit
738 4227 781 4260 ore
792 4205 891 4259 favillae
903 4205 932 4257 :l
947 4223 1033 4278 nunc,
1048 4213 1072 4255 et
1085 4203 1202 4264 serrum,

131 4287 292 4342 incumbente
315 4289 437 4362 capitibus
459 4290 550 4341 nostris
566 4327 573 4354 ,
596 4301 640 4341 aut
689 4287 759 4340 turba
772 4285 894 4348 molesta,
907 4281 989 4354 nega!
1003 4305 1019 4358 q
