2976 4944
317 475 358 546 32·
588 464 656 541 DE
680 465 1073 544 PROVIDENTIA

316 607 452 674 efficere
469 605 595 698 possit,
611 605 714 687 scies,
733 606 760 671 si
775 601 990 696 adspexeris‚
1008 618 1171 695 quantum
1184 603 1379 673 nationibus

316 719 417 788 nudis
432 736 468 788 et
486 719 600 812 inopia
621 717 840 800 fortioribus,
860 718 957 786 labor
974 735 1122 812 praestet.
1145 719 1272 788 Omnes
1295 744 1379 788 con-

315 834 428 904 sidera
446 849 579 929 gentes,
600 835 636 900 in
649 829 774 925 quibus
786 835 937 901 Romana
948 857 1014 927 pax
1028 831 1152 901 desinit
1169 861 1175 900 :
1192 837 1379 904 Germanos

317 951 414 1034 dico,
433 967 468 1018 et
485 949 654 1043 quidquid
672 951 763 1017 circa
778 949 902 1024 lstrurn
921 971 1082 1042 vagarum
1101 953 1252 1043 gentium
1265 975 1381 1020 occur-

316 1083 378 1134 sat.
400 1068 568 1158 Perpetua
583 1064 658 1132 illos
676 1065 804 1146 hiems,
822 1065 917 1132 triste
933 1064 1051 1132 caelum
1066 1067 1212 1157 premit,
1230 1067 1380 1159 maligne

317 1183 424 1251 solum
440 1181 554 1250 sterile
568 1194 732 1248 sustentet
746 1229 756 1262 ‚
773 1179 916 1247 imbrem
930 1179 1040 1248 culmo
1057 1195 1116 1248 aut
1128 1180 1248 1249 fronde
1261 1181 1381 1249 delen-

318 1296 424 1380 dunt,
446 1320 548 1389 super
566 1294 686 1362 durata
702 1294 809 1388 glacie
823 1310 940 1387 stagna
953 1293 1162 1387 persultant,
1183 1298 1220 1365 in
1235 1294 1380 1366 alimen-

263 1430 292 1495 14
318 1429 389 1481 tum
397 1412 485 1482 feras
495 1411 785 1504 captent¹.ltliseri
795 1409 857 1476 tibi
867 1408 1304 1480 videnturlnihilmiserum
1312 1427 1376 1494 est,

313 1529 410 1621 'quod
429 1531 464 1595 in
487 1543 642 1595 naturam
663 1526 870 1594 consuetudo
890 1525 1067 1619 perduxit3
1089 1527 1264 1618 paullatim
1287 1531 1379 1596 enim

319 1641 481 1736 voluptati
499 1655 600 1721 sunt,
618 1663 693 1731 quae
711 1641 909 1707 necessitate
922 1655 1110 1732 coeperunt.
1127 1640 1227 1708 Nulla
1241 1642 1308 1710 illis
1323 1641 1379 1710 do-

319 1758 461 1838 micilia,
478 1755 580 1823 nullae
590 1755 792 1837 sedessunt‚
817 1757 882 1823 nisi
902 1779 985 1846 quas
998 1755 1159 1823 lassitudo
1170 1757 1207 1823 in
1218 1756 1307 1824 diem
1323 1782 1379 1852 po·

318 1875 404 1958 suit3
417 1873 517 1953 vilis,
539 1870 639 1938 ethic
648 1869 851 1962 quaerendus
862 1893 979 1953 manu,
996 1871 1122 1956 victus3
1138 1871 1379 1942 horrenduini-

319 1985 430 2078 quites
447 1985 540 2065 caeli,
562 1985 687 2051 intecta
700 2006 841 2075 corpore
859 2009 867 2049 ι
884 1983 949 2051 hoc
962 1982 1054 2074 quod
1068 1985 1130 2052 tibi
1144 1985 1314 2054 calamites
1323 1987 1379 2054 vi-

265 2127 295 2179 15
320 2103 439 2184 detur,
456 2117 503 2169 tot
518 2102 668 2194 gentium
682 2101 751 2168 vita
763 2115 825 2168 est.
844 2099 940 2192 Quid
952 2101 1085 2168 miraris
1098 2101 1203 2170 bonos
1215 2105 1323 2186 viros,
1339 2117 1378 2171 ut

318 2221 579 2301 confirmentur,
599 2219 733 2285 concuti
746 2219 843 2284 lNon
858 2234 909 2284 est
922 2217 1023 2285 arbor
1036 2218 1160 2302 solida,
1180 2244 1244 2288 nec
1257 2221 1375 2304 fortis,

319 2338 384 2404 nisi
402 2336 439 2403 in
457 2355 558 2427 quam
577 2332 737 2425 frequens
750 2349 870 2400 ventus
887 2335 1059 2401 incursat:
1077 2335 1149 2426 ipsa
1169 2337 1259 2402 enim
1276 2359 1378 2403 vexa-

320 2450 408 2517 tione
421 2449 676 2540 constringitur,
690 2463 724 2514 et
736 2445 867 2514 radices
880 2449 1004 2515 certius
1019 2448 1105 2541 figit.
1119 2449 1272 2542 Fragiles
1283 2467 1374 2533 sunt,

318 2584 395 2657 quse
413 2566 449 2632 in
468 2565 583 2656 aprica
595 2563 682 2631 valle
700 2578 891 2630 creverunt.
908 2565 974 2631 Pro
993 2565 1074 2656 ipsis
1088 2588 1171 2657 ergo
1185 2564 1282 2633 bonis
1294 2567 1378 2632 viris

318 2697 388 2762 est,
410 2696 449 2748 ut
463 2703 536 2747 esse
558 2679 706 2747 interriti
727 2677 878 2771 possint,
900 2677 1042 2746 multum
1059 2680 1149 2746 inter
1163 2679 1377 2749 formidolosa

317 2799 465 2878 versari,
488 2811 522 2864 et
546 2819 642 2886 aequo
662 2795 772 2862 animo
791 2793 879 2862 ferre
904 2819 979 2886 quse
995 2818 1063 2862 non
1083 2812 1162 2864 sunt
1179 2797 1284 2878 mala,
1310 2799 1377 2864 nisi

317 2911 404 2980 male
422 2913 613 2979 sustinenti.

365 3027 407 3092 V.
421 3024 651 3116 Adjicenunc‚
669 3023 829 3117 quodpro
840 3023 1074 3106 omuibusest‚
1092 3025 1253 3117 optimum
1263 3049 1378 3117 quem-

316 3165 435 3232 quem,
451 3156 490 3207 ut
507 3140 555 3206 ite
568 3138 696 3220 dicam,
720 3139 888 3220 militare,
911 3155 946 3205 et
967 3137 1070 3206 edere
1088 3163 1218 3231 operas.
1237 3143 1309 3208 Hoc
1324 3156 1377 3208 est
1432 3223 1435 3228 ,

315 3256 523 3348 propositum
538 3255 629 3336 Deo,
646 3251 739 3345 quod
751 3255 894 3346 sapienti
907 3255 980 3321 viro
992 3303 1001 3335 ‚
1021 3253 1199 3322 ostendere
1212 3255 1284 3324 haec
1298 3277 1375 3346 quae

315 3371 437 3464 vulgus
445 3372 574 3463 appetit
587 3419 596 3454 ,
614 3393 690 3461 quae
700 3368 908 3451 reformidat,
921 3393 985 3437 nec
996 3369 1084 3438 bona
1094 3395 1178 3453 esse,
1190 3395 1254 3439 nec
1263 3370 1350 3440 mala
1364 3398 1371 3437 :

314 3486 526 3580 apparebunt
541 3501 652 3553 autem
673 3485 761 3552 bona
783 3507 877 3568 esse,
899 3487 927 3552 si
945 3485 1001 3553 illa
1015 3511 1084 3554 non
1098 3487 1163 3554 nisi
1181 3486 1279 3554 bonis
1292 3487 1374 3554 viris

350 3697 371 3729 ι.
380 3677 734 3746 Perpetuor'llos.....captant.
743 3675 819 3728 Simi-
868 3687 953 3748 gentes
960 3677 1050 3746 quibus
1057 3676 1157 3729 uberius
1163 3677 1259 3739 solum,
1279 3677 1375 3730 ethl-

315 3747 344 3804 lis
355 3755 407 3806 fere
419 3753 550 3826 descriptio
563 3766 599 3806 est
609 3751 755 3805 Germanici
763 3751 818 3804 caeli
867 3753 928 3805 liam
936 3753 1010 3806 etiem
1023 3754 1099 3826 longe
1110 3765 1208 3827 prestat
1222 3755 1372 3820 Britannia,

314 3830 380 3903 epud
387 3831 512 3895 Taciturn,
525 3830 556 3882 de
568 3851 631 3882 mor.
643 3830 730 3883 Germ.
741 3849 818 3900 quem
867 3829 908 3882 cui
926 3830 1102 3903 frigidissimus
1124 3845 1159 3884 est
1174 3853 1217 3884 aer
1230 3845 1253 3884 et
1270 3835 1374 3904 frugum

314 3907 394 3961 adeas.
413 3909 490 3978 Quod
508 3909 541 3960 ed
558 3911 706 3961 sententiam
717 3909 819 3961 univer·
868 3907 951 3958 minus
961 3909 1070 3961 fecunda
1077 3909 1157 3962 tellus.
1164 3910 1374 3966 Tentoindustria

314 4005 366 4037 sem
387 4000 411 4038 et
429 4006 483 4044 rem
502 3998 614 4058 spectet,
634 3985 763 4038 advortere
783 3999 819 4038 est
868 3984 973 4036 etlnbor
986 3985 1094 4059 pollent!

315 4061 382 4117 idem
398 4079 422 4117 et
432 4065 561 4118 hodiernis
573 4065 683 4118 evenisse
699 4065 819 4138 tempori·
900 4065 932 4114 V.
952 4067 1021 4116 Auo.
1042 4065 1116 4118 Bono
1136 4067 1190 4119 viro
1211 4066 1373 4122 incommode

313 4145 367 4196 bus.
386 4144 501 4216 Namque
515 4157 539 4196 et
557 4143 632 4196 ditior
643 4145 721 4196 multo
734 4157 818 4196 nostra
867 4163 967 4214 quoque
980 4155 1108 4215 tamquam
1119 4146 1185 4198 bona
1197 4147 1332 4214 eveniunt,
1344 4160 1372 4198 ut

314 4221 398 4276 Gallis
410 4235 446 4275 est
461 4243 535 4292 quern
548 4223 668 4293 Hispania
683 4241 710 4274 nc
725 4221 815 4276 ltolieae
867 4221 983 4275 omnibus
993 4223 1089 4276 bonum
1103 4225 1241 4296 exemplum
1258 4225 1373 4297 praebeat.
