2912 4940
642 734 1009 802 ARGUMENTUtt.

764 933 897 955 ,ιι-

330 1111 514 1167 Gonsolationis
529 1112 603 1183 hujus
620 1113 676 1166 rbrae
695 1129 776 1186 partes
794 1117 925 1188 precipuae
942 1129 1008 1168 sunt.
1028 1116 1102 1168 Prior
1119 1115 1223 1186 quidem
1240 1135 1296 1188 pars
1312 1128 1370 1168 turn

296 1195 412 1250 laudibus
425 1196 527 1249 Marcie
540 1196 696 1260 continetur,
708 1211 735 1250 nt
754 1199 820 1250 viam
834 1199 881 1251 sibi
893 1199 990 1251 muniat
1002 1199 1097 1251 Seneca
1114 1198 1146 1251 ad
1159 1219 1214 1250 eam
1225 1199 1372 1251 consolan-

297 1279 356 1332 dam
365 1319 373 1344 ,
383 1291 456 1349 atque
467 1290 494 1330 nt
504 1275 584 1330 luctus
597 1279 761 1350 pertinaciam
772 1281 871 1333 molliat
884 1283 1013 1354 l'rangatve
1023 1292 1091 1346 ,tum
1103 1279 1243 1332 rationibus
1255 1300 1372 1352 genera-

297 1363 401 1416 lioribus
411 1363 561 1424 afferendis,
577 1375 604 1414 ut
618 1363 740 1436 placidius
758 1365 819 1416 serat
833 1365 883 1416 lata
900 1385 946 1417 sua
961 1385 1056 1439 aspera.
1073 1365 1110 1416 Ac
1126 1363 1237 1437 primurn
1249 1363 1372 1417 laudibus

298 1445 395 1499 ertollit
408 1444 510 1498 Marcise
522 1446 697 1499 fortitudinem
708 1448 802 1512 animi,
815 1449 918 1500 virtutes
933 1468 962 1500 ac
972 1448 1063 1500 merita
1077 1448 1108 1498 de
1119 1460 1187 1521 patre
1200 1447 1285 1499 Cordo
1299 1445 1373 1500 Cre-

298 1533 389 1600 mutin,
404 1533 511 1602 ideoque
523 1532 553 1583 de
566 1531 739 1584 Romanorum
750 1533 855 1586 historia
865 1533 1004 1606 studiisque
1015 1572 1021 1598 ,
1031 1534 1107 1608 patris
1120 1533 1222 1604 quidem
1236 1533 1307 1584 libris
1318 1532 1372 1584 bis·

296 1618 379 1670 toricis
395 1618 475 1686 iisque
491 1615 616 1686 pmclaris
634 1615 666 1668 de
685 1617 759 1671 bellis
778 1619 911 1680 civilibus,
930 1639 984 1670 non
1002 1619 1057 1672 sine
1070 1618 1182 1692 periculo
1201 1619 1372 1670 conservatis.

298 1701 364 1768 Quae
375 1717 454 1771 quom
473 1709 607 1765 memoret,
625 1702 691 1752 mala
706 1703 794 1760 etiam.
808 1721 865 1772 quae
883 1701 933 1771 jam
954 1713 1012 1752 ante
1027 1721 1098 1774 passa
1118 1713 1184 1762 erat,
1203 1719 1279 1771 quarn
1297 1697 1373 1752 filius

297 1783 408 1836 Metilius
417 1803 432 1835 a
443 1783 494 1834 vito
504 1782 656 1850 discederet,
666 1786 790 1858 praeterire
803 1806 851 1838 nec
861 1786 955 1859 potuit,
964 1804 1010 1837 nee
1020 1784 1100 1836 voluit
1110 1823 1116 1848 ,
1128 1797 1155 1836 ut
1166 1784 1214 1835 sibi
1226 1804 1258 1836 ne
1267 1784 1374 1836 deesset

295 1867 393 1920 occasio
404 1866 526 1932 docendi,
537 1881 692 1942 quantopere
701 1886 766 1920 curae
775 1868 824 1920 sibi
834 1868 864 1920 sit
873 1869 975 1920 Marcia
984 1868 1065 1920 luctus
1075 1906 1081 1930 ,
1094 1887 1170 1936 quem
1181 1867 1312 1937 quomodo
1324 1867 1374 1919 de-

298 1951 358 2025 pelli
369 1962 482 2022 oporteat
489 1987 496 2013 ,
511 1950 584 2001 affert
595 1950 730 2002 consilium
741 1971 822 2003 suum.
835 1951 959 2004 Dolorem
972 1971 1053 2021 neque
1065 1951 1164 2013 leniter,
1176 1970 1221 2002 nec
1230 1950 1373 2003 verborum

297 2033 430 2086 lenociniis
439 2032 619 2106 mitigandum,
626 2034 668 2085 secl
678 2049 759 2108 aperte
769 2049 792 2086 et
802 2035 828 2087 vi
840 2035 1009 2109 frangendum
1018 2053 1077 2086 esse.
1091 2033 1186 2086 ldcirco
1198 2053 1265 2085 nora
1272 2033 1374 2085 deinde

297 2139 356 2172 usus
367 2118 475 2180 ratione,
489 2139 542 2171 nou
554 2119 693 2192 praeccptis,
706 2120 749 2172 sed
763 2119 881 2192 exemplis
894 2119 922 2171 in
934 2133 1066 2190 utramque
1077 2131 1182 2190 partem,
1192 2139 1270 2189 quum
1284 2119 1375 2190 perti-

299 2203 367 2256 nacis
382 2216 435 2255 turn
452 2203 533 2254 facilis
551 2205 634 2254 luctus
653 2203 680 2256 in
699 2205 812 2259 medium
824 2203 973 2278 propositis,
988 2203 1064 2256 suasit
1074 2203 1194 2264 Marcia,
1210 2216 1238 2254 ut
1249 2204 1373 2266 Liviam,

297 2305 401 2339 uxorem
413 2287 518 2339 Caesaris
529 2286 636 2356 Arrgusti
646 2323 654 2350 ,
666 2305 722 2356 quac
733 2287 824 2339 amisso
836 2289 921 2339 Druso
934 2285 1001 2351 filio,
1013 2285 1058 2357 qui
1071 2286 1097 2337 in
1110 2287 1247 2340 Germania
1257 2287 1375 2340 exstinc-

299 2355 338 2422 tus
349 2382 416 2436 erat,
431 2388 457 2420 se
468 2368 649 2420 consolandam
662 2371 729 2421 Areo
746 2369 899 2444 philosopho
911 2369 996 2422 mariti
1010 2369 1161 2436 tradiderat,
1178 2369 1260 2442 potius
1275 2370 1374 2422 imita-

298 2466 375 2516 retur,
394 2471 470 2522 qnam
488 2451 621 2506 Octaviam
639 2451 750 2523 ejusdcm
770 2453 876 2525 Augusti
894 2474 1005 2506 sororem
1016 2492 1022 2516 ,
1040 2474 1096 2523 qnae
1116 2453 1236 2505 Marcello
1255 2473 1268 2504 e
1289 2453 1376 2523 Virg.

297 2535 367 2591 AEn.
378 2537 422 2590 lib.
438 2537 491 2600 Vl,
497 2537 551 2606 fin.
563 2537 694 2590 notissimo
707 2575 714 2600 ,
728 2551 808 2590 morte
820 2551 969 2618 prtematura
982 2540 1086 2602 lnucto,
1101 2538 1297 2612 pertinacissime
1309 2560 1375 2591 om-

300 2622 373 2675 nibus
383 2641 410 2674 se
421 2621 573 2674 subduxerat
585 2622 815 2686 consolationibus,
829 2642 881 2696 cap.
894 2623 964 2675 l-Vl.
977 2622 1108 2694 lngeninse
1122 2622 1261 2676 admodum
1273 2636 1377 2696 etper-

297 2725 374 2776 quarn
383 2705 495 2780 apposite
508 2707 568 2757 Arei
580 2705 728 2758 allocutioni
742 2707 775 2758 ad
785 2707 882 2758 Liviam
895 2706 923 2758 in
934 2727 987 2758 rem
1001 2725 1070 2759 suam
1082 2712 1229 2778 praesentem
1240 2725 1375 2760 conversae
1453 2771 1454 2774 Ἴ

298 2812 328 2845 ea
345 2790 430 2844 omnia
451 2789 558 2854 indidit,
571 2790 662 2861 quibus
672 2791 752 2843 luctus
768 2805 833 2845 certe
846 2792 1004 2844 contumacia
1017 2792 1114 2844 domari
1130 2805 1226 2866 posset,
1244 2811 1296 2863 cap.
1309 2792 1350 2842 IV
1364 2831 1374 2858 ,

299 2866 441 2932 3-6.'sin
454 2889 538 2928 autem
552 2875 645 2927 luctum
657 2878 772 2950 praeferat
787 2878 896 2942 Marcia,
909 2898 934 2930 se
946 2877 1054 2930 libenter
1064 2876 1168 2948 quidem
1182 2897 1237 2929 cum
1250 2897 1278 2929 ea
1288 2874 1378 2931 inetu-

281 3017 284 3024 ,
298 2960 502 3034 compromittit:
514 2959 559 3012 sed
570 2959 634 3011 inter
645 2979 749 3026 omnes,
764 2961 845 3034 porgit
859 2975 957 3026 noster,
972 2975 1081 3027 constat,
1100 2963 1171 3014 luctu
1185 2961 1252 3014 nibil
1267 2960 1373 3034 profici.

298 3048 386 3117 Neque
399 3043 482 3098 umen
495 3045 543 3097 boc
556 3045 590 3096 ita
603 3043 798 3116 intelligendum
816 3066 883 3110 csse,
898 3047 1002 3121 perinde
1016 3048 1087 3118 quasi
1100 3047 1188 3100 omnia
1198 3067 1301 3101 snorum
1316 3047 1376 3100 de·-

296 3129 386 3182 sideria
396 3128 532 3198 rejicienda
543 3141 623 3181 essent
633 3145 639 3180 :
648 3129 698 3180 sint
711 3141 806 3182 tantum
818 3130 932 3192 modica,
946 3131 1053 3201 ideoque
1065 3145 1228 3184 amoveantur
1240 3131 1375 3205 imagina-

266 3275 267 3280 ,
294 3214 370 3266 tionis
388 3213 571 3266 insinuationes
590 3227 614 3266 et
631 3214 781 3284 opinionum
797 3227 941 3267 commenta
962 3214 1063 3286 suadet,
1080 3235 1111 3266 ne
1133 3214 1256 3268 desideria
1272 3213 1374 3269 immo-

296 3305 351 3358 dice
357 3317 503 3376 augeantur.
513 3305 606 3356 Natura
614 3304 682 3357 enim
694 3305 798 3374 requirit
810 3305 904 3357 loetum
914 3305 1043 3358 modicum
1052 3323 1059 3356 ι
1067 3306 1220 3359 documento
1229 3307 1372 3361 snntlerae.

298 3389 466 3442 lmmodicnm
490 3403 641 3442 autemnon
663 3408 714 3440 esse
735 3391 873 3442 secundum
896 3403 1028 3457 naturam,
1045 3391 1132 3456 docet,
1152 3391 1244 3465 quippe
1264 3393 1370 3446 varium

296 3488 321 3528 et
339 3475 483 3528 decrescens
503 3493 618 3527 successu
631 3474 764 3547 temporis,
778 3495 830 3548 cap.
848 3476 913 3541 Vll,
929 3477 991 3528 Vlll
1002 3494 1009 3527 t
1022 3476 1073 3529 imo
1087 3475 1213 3549 proficisci
1230 3497 1244 3528 a
1257 3476 1371 3532 mollitie

296 3570 379 3612 nostra
392 3571 416 3612 ct
427 3547 608 3630 incogitantia,
622 3571 651 3609 ut
663 3557 729 3610 mala
739 3559 888 3629 quotidiana
897 3559 1004 3612 aliorum
1017 3559 1049 3610 ad
1061 3579 1107 3612 nos
1118 3573 1232 3633 putemus
1243 3579 1296 3612 non
1306 3581 1372 3636 per-

294 3643 388 3706 tinere,
408 3662 455 3694 nec
470 3661 499 3693 ea
514 3641 596 3705 bona,
615 3641 705 3713 quibus
721 3654 837 3706 utamur,
858 3643 885 3694 in
901 3642 1046 3695 adventitiis
1059 3656 1133 3716 atque
1145 3645 1312 3700 commodatis
1330 3649 1369 3701 ad

293 3737 414 3797 punctum
426 3723 544 3796 temporis
556 3724 677 3775 ducamus
687 3743 781 3794 :quum
794 3737 878 3778 tamen
889 3724 976 3777 omnia
987 3725 1167 3778 mutationibus
1179 3727 1228 3778 sint
1237 3728 1368 3798 obnoxia,

293 3828 347 3882 cap.
356 3807 402 3861 lx.
411 3808 489 3860 Porro
500 3807 633 3860 mortalem
644 3821 668 3860 et
677 3807 754 3878 ipsam
763 3827 824 3874 esse,
835 3821 858 3860 et
868 3809 998 3861 bominem
1011 3809 1120 3881 ideoque
1131 3810 1298 3865 animantium
1309 3833 1370 3866 om-

293 3892 364 3945 nium
376 3890 578 3945 infirmissimum
590 3891 706 3965 genuisse
719 3905 818 3956 mouet;
831 3893 921 3944 multas
940 3907 1023 3946 umen
1036 3915 1064 3946 er
1081 3914 1111 3947 eo
1127 3896 1264 3968 voluptates
1276 3918 1369 3968 perce-

292 3979 368 4052 pisse,
381 3998 472 4051 easque
487 3977 603 4030 meliores
622 3997 687 4044 esse,
705 3979 815 4049 quamsi
830 3979 907 4032 nullae
921 3979 1092 4053 contigissent.
1103 3981 1162 4032 Jam
1186 3982 1230 4034 etsi
1242 3983 1369 4038 malevoli

291 4064 374 4116 solatii
386 4085 466 4137 genus
479 4064 523 4134 sit,
541 4061 668 4116 malorum
679 4063 771 4117 bebere
783 4063 865 4116 socios
878 4077 902 4117 et
916 4064 1009 4116 multos
1025 4064 1179 4119 infeliciores
1196 4085 1262 4130 esse,
1276 4081 1368 4123 tamen

292 4149 402 4221 exempla
411 4148 485 4219 hujus
495 4159 563 4203 notse
572 4167 603 4200 eo
614 4146 717 4200 nornine
729 4149 834 4201 ntntilia
845 4151 933 4214 allert,
943 4151 1012 4219 quod
1020 4150 1096 4204 luisse
1106 4152 1215 4216 docent,
1226 4153 1270 4223 qui
1278 4153 1368 4207 lenie-

281 4232 343 4302 ,rint
354 4253 439 4307 aspera
452 4236 515 4287 lacta
526 4234 623 4307 placide
640 4233 743 4286 lerendo
754 4251 760 4286 ι
770 4235 798 4287 L.
812 4236 898 4308 Sylla,
910 4236 1067 4310 Xenophon,
1079 4250 1124 4290 etc.
1137 4257 1190 4310 cap.
1200 4239 1271 4290 XVI.
1289 4241 1366 4308 Quin
