2966 4948
522 483 700 555 csrun
722 471 752 552 12
820 471 823 478 '
1070 470 1167 555 '265

94 616 309 686 Drusillnm¹
332 630 470 685 euntem
492 603 661 696 inuca'elum
680 613 780 684 vidit.
806 611 901 683 ldem
920 614 1100 684 Claudium
1114 619 1172 686 vi-'

96 731 191 802 disse
204 759 241 804 ee
255 733 346 803 dicet
359 735 426 802 iter
437 733 637 816 facientem,
654 755 724 802 nou
736 731 892 827 passibus
905 732 1012 824 aequis
1020 737 1048 800 ².
1062 733 1165 817 Velit,

97 850 201 932 nolit,
217 873 356 918 necesse
367 863 419 916 est
432 848 482 915 illi
496 849 609 916 omnin
620 847 758 932 videre,
773 873 850 942 quae
863 851 900 915 in
914 845 994 917 caelo
1007 866 1165 943 agantur.
1270 891 1273 898 ·

96 963 223 1058 Appiae
240 959 328 1034 viae³
348 979 573 1046 curatorem,
597 987 665 1056 qun
688 966 754 1034 acie
768 981 803 1033 et
821 963 936 1046 divum
954 963 1166 1059 Augustum,

97 1095 133 1150 et
150 1081 332 1150 Tiberium
351 1083 540 1162 Caesarem,
561 1079 609 1158 ad
625 1079 707 1148 deos
720 1081 799 1148 iste.
821 1083 922 1150 Hunc
934 1081 964 1148 si
980 1081 1171 1176 interroga·
1194 1099 1212 1164 4

96 1200 210 1282 veris,
230 1199 293 1268 soli
307 1198 465 1267 narrabit
486 1225 494 1264 ι
525 1221 638 1266 coram
656 1197 814 1291 pluribus
837 1221 1013 1290 nunqnam
1028 1199 1171 1270 verbum

98 1314 216 1382 faciet.
236 1317 322 1383 Nam
339 1339 380 1383 ex
394 1315 512 1407 quoin
528 1294 647 1382 senat'u
657 1313 786 1406 juravit
800 1337 835 1382 se
848 1313 1172 1384 Drusillamvidisse

98 1431 219 1500 caelum
238 1431 524 1516 adscendentem,
551 1447 586 1500 et
601 1431 652 1499 illi
668 1455 732 1526 pro
747 1446 814 1499 tam
832 1431 1059 1501 bononuntio
1072 1457 1172 1504 nemo

99 1545 252 1618 credidit
269 1547 363 1641 quod
378 1539 540 1631 viderit⁴,
560 1546 677 1618 verbis
697 1549 869 1642 conceptis
883 1541 895 1584 ⁵
910 1548 1113 1633 affirmavit,
1135 1574 1176 1626 sev

136 1839 159 1872 ι.
176 1817 294 1888 Quoen'te
308 1819 344 1872 ob
357 1839 387 1872 eo
403 1822 450 1886 qur*
462 1816 616 1870 Drusillam
664 1814 721 1866 nice
733 1813 823 1866 sistens
829 1837 854 1888 p
864 1815 1081 1887 Srsq.Dioebatur
1089 1830 1172 1869 eutem

100 1908 148 1948 ete.
161 1893 616 1966 ProiectissimianimihomoLivius
664 1892 706 1944 via
726 1893 813 1964 regin
834 1892 903 1946 nude
924 1893 979 1947 htec
999 1891 1068 1945 fictio
1089 1906 1172 1946 ortum

100 1973 251 2040 Geminius,
260 1987 370 2041 senator,
382 1972 559 2045 jusjurandum
567 1972 616 2024 hoc
664 1988 737 2022 suurn
752 1970 849 2023 duxisse
863 1970 971 2024 videtur.
983 1971 1069 2036 Nam,
1083 1969 1173 2022 liero-

100 2049 205 2122 publice
218 2051 350 2125 praestitit,
372 2064 397 2102 et
411 2050 509 2124 praemii
527 2049 584 2102 loco
602 2068 617 2101 a
666 2039 743 2102 diano
753 2052 875 2104 referente
887 2048 928 2102 l.l.
938 2050 966 2102 in
975 2047 1071 2123 Campo
1079 2049 1173 2101 Martio

101 2125 226 2200 Caligula
250 2131 360 2194 250‚ooo
382 2129 509 2182 Denarios
531 2127 617 2191 (circa
664 2127 820 2181 cremabatur
828 2129 904 2180 funus
913 2127 1038 2202 Principis
1048 2126 1173 2199 ‚aquilae

103 2207 215 2273 175,874
226 2207 307 2258 franc.
318 2245 326 2272 ,
338 2205 380 2260 rel
394 2226 484 2274 ro,ooo
495 2204 616 2257 Friderie.
664 2224 727 2276 rogo
737 2205 852 2257 avolante
862 2242 870 2268 ,
879 2204 1040 2275 animamque
1048 2203 1173 2278 Principis

99 2289 166 2349 aur.)
180 2283 284 2356 accepit.
295 2283 346 2336 Dio
360 2283 475 2356 (ἕως,
487 2283 615 2351 rr.Quam
664 2284 693 2335 in
710 2283 801 2336 caelum
820 2283 941 2335 allerente
962 2302 970 2336 ς
988 2302 1046 2353 quse
1067 2283 1172 2354 quidem

100 2359 220 2412 eamdem
230 2380 355 2414 summam
363 2361 500 2415 Numerius
508 2363 614 2427 Atticus,
664 2361 841 2414 Romanorum
857 2362 907 2414 luit
925 2362 1028 2437 opinio,
1045 2363 1067 2415 si
1084 2364 1173 2416 llero-

100 2451 205 2491 senator
218 2457 283 2490 rom.
295 2459 309 2491 a
320 2439 391 2492 livia
404 2439 516 2512 accepit,
529 2438 617 2491 Dione
665 2440 742 2492 diano
752 2441 813 2493 fides
824 2452 860 2492 est
869 2438 992 2492 habenda.
1005 2439 1077 2493 Fieri
1087 2452 1173 2494 tamen

103 2515 384 2584 CesarelerenteLVl,
397 2517 515 2588 46qnum
523 2517 617 2568 Procu-
665 2519 761 2592 potuit,
783 2519 815 2570 ad
837 2517 902 2570 bant
921 2517 990 2569 virm
1007 2531 1173 2571 monumenta

101 2593 156 2645 lum
167 2593 304 2646 Juliumde
314 2593 426 2646 Romulo
434 2605 616 2645 asseverantem
665 2595 1172 2670 sepulcrorumPrincipibusluisse;qnod‚
1212 2659 1216 2669 .

99 2672 268 2744 jurejurando
276 2671 342 2737 (Lis.
353 2691 376 2738 r,
389 2669 616 2738 ¹6)imitttu³.l1¹-
664 2675 714 2728 nisi
723 2675 810 2741 lallor,
820 2674 923 2728 aliunde
935 2692 988 2724 non
1000 2685 1103 2728 constat.
1113 2672 1173 2724 De-

100 2763 223 2812 fflelrst
231 2753 377 2824 Augustum
388 2749 415 2800 in
424 2748 512 2822 qaeluffl
522 2747 614 2800 ‘iilum
665 2774 723 2808 cora
734 2753 809 2826 hujus
820 2754 869 2806 vite
882 2752 1032 2805 admiranda
1044 2751 1173 2825 descripsit

101 2827 268 2901 conspexisse.
278 2827 319 2878 De
330 2825 443 2880 l'oeminis
453 2825 536 2896 itaque
546 2825 616 2879 hunc
664 2831 803 2904 Procopius
813 2830 921 2884 Gothor·
936 2850 958 2895 ι,
972 2832 1009 2896 14,

101 2925 202 2957 morem
215 2903 492 2978 apotheoseosquoque
505 2903 615 2976 viguisse
697 2910 721 2975 4.
743 2908 824 2980 Quod
839 2911 940 2962 viderit.
963 2907 1007 2961 Sic
1027 2906 1087 2960 edit.
1108 2928 1173 2960 rom.

102 3001 215 3060 apparet.
225 2987 266 3039 cf.
274 2987 327 3040 Dio
336 2986 405 3039 Cass.
414 2985 468 3048 LX,
482 2989 506 3038 5.
515 2985 616 3038 Descri⁴
663 3007 740 3060 qnam
753 2989 871 3042 Erasmus
880 2989 933 3040 sive
944 2987 976 3041 B.
985 2986 1122 3040 Rhenanus
1133 3005 1184 3039 exv

103 3066 153 3139 psit
170 3065 322 3139 apotheosin
338 3064 519 3137 imperatorum
532 3062 616 3116 Hero·
662 3079 819 3140 presserunt,
839 3087 892 3120 una
914 3085 973 3119 cum
992 3065 1065 3118 codd.
1086 3065 1174 3118 omni-

103 3144 198 3196 dianus
207 3179 214 3205 ‚
223 3141 271 3208 lv,
280 3163 303 3194 a.
664 3145 710 3198 bns
723 3145 824 3218 parisio.
837 3149 871 3198 At
882 3145 997 3219 Lipsius,
1013 3144 1135 3197 Gruterus
1148 3156 1174 3196 et

136 3242 161 3274 o.
180 3223 311 3276 Panibus
333 3225 424 3294 eequis.
445 3221 537 3276 Jocose
561 3221 615 3275 haec
664 3224 806 3292 aliitqur'd
816 3223 1173 3296 nid-HeumannuslinSnp·
1231 3261 1233 3266 ,

102 3302 182 3354 verba
190 3301 286 3375 Virgil.
295 3302 358 3354 AEn.
367 3303 401 3366 11,
411 3321 458 3366 ⁷²⁰
466 3299 575 3352 traducit
584 3299 616 3351 ad
663 3301 740 3375 plem.
759 3302 791 3354 ad
811 3305 875 3355 Acta
892 3301 1173 3370 Eruditorffomvl,

104 3379 259 3442 Claudium,
274 3381 344 3450 cujus
362 3379 454 3432 loedam
470 3375 616 3430 vacillatio·
663 3400 688 3452 p.
699 3381 764 3449 ²98)
779 3379 835 3432 htec
851 3378 927 3432 verba
945 3392 974 3430 ut
987 3379 1112 3452 glossema
1128 3380 1175 3432 de·

102 3477 163 3510 nem
174 3458 281 3510 Sueton.
294 3457 385 3509 Claud.
397 3477 418 3510 e.
429 3477 457 3509 21
471 3469 496 3508 ot
509 3455 552 3524 30,
563 3475 615 3510 me·
664 3456 739 3510 lenda
750 3478 801 3510 esse
811 3459 915 3512 censuit.
927 3457 1067 3512 Enimvero
1078 3459 1123 3512 iste
1133 3459 1174 3512 vir

102 3549 195 3588 morat.
663 3535 730 3589 doct.
753 3548 782 3588 ut
797 3536 871 3588 multi
892 3535 936 3588 alii
957 3536 1055 3603 critici,
1074 3537 1170 3608 ubique

137 3615 161 3666 3.
172 3615 272 3686 Appr'oe
281 3617 333 3667 vice
334 3651 376 3666 .....
387 3625 433 3668 est.
443 3613 531 3682 Quum
541 3632 616 3666 sona·
663 3612 813 3684 glossemata
831 3627 875 3666 ant
886 3615 1091 3684 παριμθιθλημίνα
1109 3616 1174 3668 odo-

101 3705 143 3745 tor
153 3707 235 3757 esset,
251 3713 331 3748 unum
343 3715 356 3754 e
369 3693 546 3760 Quatuorviris
555 3691 616 3745 via·
663 3705 766 3756 rantur,
789 3711 878 3766 pamm
897 3691 998 3745 solliciti
1012 3692 1118 3757 docere,
1132 3693 1173 3746 eui

101 3792 159 3823 rum
167 3772 215 3836 (cl.
227 3769 307 3843 Lipsii
318 3771 376 3824 Eue.
388 3772 417 3823 E.
430 3769 462 3822 ad
472 3769 551 3822 Tacit
561 3772 616 3824 An·
663 3772 700 3824 rei
712 3770 867 3846 explicandas
880 3771 1040 3826 inservierint
1051 3786 1093 3824 aut
1104 3793 1173 3844 quo-

100 3849 154 3900 nal.
174 3848 242 3912 lll.)
262 3847 337 3898 fnisse
359 3858 476 3920 apparet,
498 3845 539 3900 cui
555 3867 615 3899 cura
663 3848 742 3902 modo
753 3850 883 3902 intextum
894 3851 1018 3903 venerint.
1030 3851 1172 3922 Utrumque

99 3929 201 3994 Appia
208 3929 277 3990 νέα,
289 3945 364 3998 quam
377 3925 436 3977 inde
448 3945 462 3976 a
475 3925 558 3976 Roma
568 3945 615 3992 per
663 3941 745 3980 antem
762 3926 828 3984 bene
844 3941 908 3981 stare
920 3928 947 3980 lt.
959 3928 976 3980 l.
987 3947 1074 4000 posse,
1088 3928 1172 4000 quivis

99 4003 208 4080 paludes
214 4004 356 4078 pomptinas
363 4002 525 4076 Capuamque
533 4022 612 4072 usque
662 4026 716 4059 nou
733 4006 837 4078 cupidus
855 4006 934 4059 lector
951 4005 1085 4079 intelliget.
1101 4007 1172 4059 Sim-

100 4081 280 4142 Brundusium
289 4080 437 4155 pertinuisse
446 4095 558 4146 constat,
570 4082 613 4132 de·
662 4084 752 4156 plicius
772 4096 856 4136 tamen
877 4096 914 4136 est
935 4101 942 4136 t
960 4085 1032 4151 quod
1044 4103 1085 4152 v.,
1097 4105 1131 4137 sc.
1145 4085 1172 4138 id

99 4159 225 4212 mandata
238 4171 297 4210 eret.
309 4158 349 4210 Cf.
362 4158 449 4211 Adleri
461 4178 523 4232 opus
537 4179 614 4230 egre·
662 4161 731 4233 quod
743 4175 825 4236 postea
836 4161 928 4215 vidisse
939 4161 1112 4217 affirmaveris.

99 4237 174 4310 gium
191 4237 282 4290 Romo.
298 4235 489 4310 descriptionem
507 4257 613 4310 germa-
695 4241 719 4293 5.
732 4241 827 4292 Verbis
837 4243 968 4310 correptis.
980 4239 1020 4293 Sc.
1032 4239 1065 4294 ad
1076 4241 1174 4294 lormu-
