2952 4938
286 427 356 496 mo
653 422 723 490 nn
745 419 1044 490 annuemus
1136 371 1140 378 ¹

288 559 375 628 aiter
387 557 462 625 illoe
476 571 635 647 tanquam
650 569 768 622 auctor
782 551 847 620 eibi
861 601 871 634 ‚
886 551 974 620 alter
984 566 1145 642 tanquam
1166 567 1308 644 emptor
1318 576 1373 620 aa·
1452 599 1453 642 p

289 675 396 743 serit:
416 697 457 742 uc
470 687 564 742 recte
582 673 763 762 utriusque
780 668 942 738 dicuntur
963 691 1048 736 esse.
1068 668 1257 761 Utriusque
1274 671 1373 737 enim
1452 649 1453 658 ἵ

289 803 392 858 eunt:
409 783 470 856 sed
486 809 556 855 non
570 785 690 854 eodem
707 781 827 868 modo3
844 783 893 851 aie
914 797 1024 877 poteat
1043 785 1086 850 Τ.
1103 783 1222 854 Livius
1236 805 1257 850 a
1272 784 1372 853 Doro
1453 830 1454 876 p

288 903 463 996 aocipere,
479 914 540 968 aut
553 920 666 966 emere
681 897 786 966 libros
794 919 888 964 euos.
906 899 1050 967 Possum
1063 895 1192 965 donare
1202 898 1370 990 sapienti,

289 1016 382 1110 quod
394 1017 523 1088 viritim
535 1038 648 1083 meum
661 1029 732 1096 eet,
747 1012 827 1080 lieet
840 1011 932 1082 illine
942 1015 1010 1081 sint
1024 1013 1148 1082 omniaL
1159 1015 1246 1082 Nam
1259 1037 1371 1110 quum

288 1136 385 1230 regio
399 1157 492 1202 more
506 1147 630 1201 maneta
641 1131 846 1200 conscientia
861 1129 1030 1223 possideat
1040 1141 1069 1218 ¹3
1084 1131 1298 1225 singularum
1311 1155 1371 1200 au

289 1265 358 1320 tem
370 1273 489 1320 rerum
501 1249 539 1316 in
553 1267 831 1340 unumquemque
844 1247 1035 1339 proprietas
1047 1248 1092 1316 eit
1103 1270 1219 1340 sparsa
1236 1273 1245 1311 ε
1262 1261 1298 1313 et
1310 1269 1370 1314 ac-

289 1366 405 1460 cipere
418 1387 561 1448 munue,
577 1377 612 1431 et
626 1361 773 1432 debere:
789 1376 826 1430 et
837 1385 971 1444 emere,
988 1377 1024 1431 et
1036 1347 1227 1431 eonduoere
1237 1377 1364 1456 potest.

288 1485 402 1554 Cesar
415 1482 528 1551 omnia
543 1479 665 1564 babet,
683 1480 810 1548 fison*
825 1480 898 1572 ejus
912 1481 1043 1574 privata
1057 1494 1208 1562 tantum,
1223 1503 1267 1547 ac
1281 1503 1365 1548 eun:

288 1614 324 1667 et
341 1597 502 1666 universa
521 1595 558 1662 in
572 1593 718 1689 imperio
731 1592 805 1686 ejus
823 1609 919 1678 aunt,
935 1594 972 1662 in
991 1593 1194 1686 patrimonio
1207 1594 1366 1686 propria.

288 1715 385 1810 Quid
402 1714 477 1807 ejus
496 1712 561 1796 ait,
591 1708 676 1804 quid
701 1710 855 1792 nonsit,
881 1708 955 1777 eine
978 1707 1204 1778 diminutione
1226 1709 1369 1802 imperii

289 1831 453 1924 queritur
467 1857 476 1914 ς
498 1851 577 1898 nam
597 1826 634 1894 id
650 1849 786 1918 quoque
809 1822 902 1917 qnod
919 1841 1079 1916 tanquam
1096 1823 1248 1904 alienum
1264 1822 1368 1915 abju-

288 1947 434 2031 dicatur,
452 1943 553 2012 aliter
567 1941 659 2010 illiue
672 1957 736 2011 eet.
753 1941 810 2010 Sic
831 1940 967 2033 eapiena
985 1940 1144 2010 universa
1155 1940 1271 2008 animo
1286 1961 1367 2033 poe-

288 2062 396 2146 eidet,
407 2063 488 2154 jure
503 2085 544 2130 ac
559 2057 709 2128 dominio
726 2081 798 2126 aua.

336 2179 413 2248 vn.
426 2167 530 2246 Bion³
542 2174 644 2248 modo
658 2197 773 2244 omnea
787 2173 970 2268 sacrilegos
987 2174 1198 2268 argumentis
1211 2197 1286 2242 ease
1296 2173 1366 2243 coi·

285 2392 385 2460 scribit,
398 2391 443 2445 sed
454 2409 556 2462 quoque
565 2387 611 2460 qui
621 2387 709 2440 vendit
719 2385 797 2440 libros
847 2384 899 2438 Sed
906 2385 1055 2440 conserendi
1060 2399 1119 2440 sunt
1127 2387 1157 2440 de
1163 2399 1216 2440 tota
1222 2387 1364 2442 haeretie-

286 2474 337 2544 jam
348 2484 447 2546 paratos
458 2470 522 2523 usui.
537 2469 678 2540 Sequentia
689 2467 739 2522 boe
754 2487 798 2520 aa·
847 2463 980 2536 gewiechii
990 2477 1015 2517 et
1031 2464 1113 2518 Bossii
1122 2465 1184 2518 iibri
1194 2466 1273 2522 bone
1284 2467 1364 2540 frugis

285 2564 382 2616 serunt,
392 2561 416 2603 et
426 2546 606 2619 librariaapud
615 2545 674 2601 tut.
682 2545 798 2600 Gellium
847 2541 916 2616 pleni
927 2581 935 2609 ,
945 2542 989 2614 qui
1000 2561 1069 2596 auno
1083 2543 1147 2609 1804
1158 2543 1223 2596 editi
1236 2558 1305 2598 suut.

287 2641 322 2682 est
339 2629 442 2682 taberna
455 2625 593 2680 venalium
606 2623 738 2678 librorum·
757 2621 798 2676 Gi.
879 2622 940 2676 ΠΙ.
956 2625 1029 2678 And.
1045 2621 1137 2677 Bionis
1155 2645 1206 2678 vox
1221 2625 1266 2696 qui
1285 2627 1364 2680 modo

290 2707 337 2762 W
333 2724 401 2762 oms·
412 2703 444 2758 de
454 2701 615 2776 Polymathia
626 2722 648 2754 e.
658 2699 691 2765 6,
703 2697 748 2753 fin·
848 2697 1000 2773 sacrilegum
1009 2719 1061 2753 esse
1070 2719 1142 2774 posse
1155 2701 1299 2771 neminem,
1308 2723 1365 2756 taso·

322 2803 344 2838 t·
366 2782 464 2836 Cuncta
484 2783 638 2834 mmes'euts'a
659 2781 801 2846 possideat.
848 2777 882 2832 do
894 2797 982 2832 omnes
990 2779 1366 2855 saerdegosdemenstrat3que

287 2861 413 2914 Omnium
422 2859 487 2912 bane
499 2857 574 2910 codd.
587 2869 612 2912 et
623 2855 681 2910 edd.
692 2855 800 2929 scriptu-
848 2858 966 2920 ἀντιλογία
985 2856 1014 2909 iu
1036 2857 1173 2912 verborum
1195 2857 1364 2932 ambiguitate

287 2933 800 3005 rambiuretustemeremutaverat‚ejecto
848 2934 1365 3007 jacet.Namomuiadeorumsuut,uude

287 3016 494 3088 &conscientia
849 3013 915 3068 clara
933 3013 983 3068 hoe
997 3016 1111 3087 sequitur
1127 3028 1152 3068 te
1171 3017 1240 3071 nihii
1259 3031 1366 3090 tangere

322 3114 345 3145 a.
365 3091 459 3146 Fiscus
473 3109 480 3146 t
497 3091 528 3143 ab
550 3092 640 3146 erario
660 3089 715 3144 hare
733 3089 801 3142 buna
851 3095 919 3164 quod
930 3112 984 3146 non
995 3094 1028 3149 sit
1037 3094 1168 3162 Deorum,
1180 3096 1227 3150 sed
1237 3109 1264 3150 et
1278 3095 1330 3150 hoa
1341 3109 1367 3148 te

287 3169 408 3244 principis
427 3169 529 3243 propria
545 3165 732 3240 separabantur.
752 3165 802 3219 Fi-
852 3169 917 3222 nihil
928 3169 1017 3240 furari,
1029 3192 1108 3243 quum
1120 3172 1149 3226 iu
1158 3172 1217 3228 loeo
1228 3193 1311 3248 ponas
1319 3174 1366 3245 qui

287 3269 343 3304 scus
352 3248 481 3302 institutus
488 3247 598 3322 primum
610 3247 642 3300 ad
649 3265 702 3300 rent
710 3244 803 3298 milita·
850 3247 966 3302 Deorum
981 3261 1024 3302 est·
1038 3249 1090 3302 Sed
1102 3248 1233 3304 distinctio
1243 3248 1290 3304 fiat
1300 3251 1368 3306 inter

288 3348 342 3384 rem
352 3327 544 3382 sustentandam
554 3363 562 3392 ,
573 3345 624 3396 quo
636 3323 761 3376 nonnulle
772 3343 801 3376 ex
850 3326 985 3402 imperium
996 3339 1022 3379 et
1033 3325 1194 3391 dominium
1207 3327 1263 3400 jam
1272 3327 1369 3403 patebit

289 3402 802 3480 iisquteprineepsbereditatisjurepossi-
851 3416 926 3459 cunta
942 3403 1047 3475 quidem
1067 3405 1114 3458 sub
1132 3404 1242 3459 deorum
1256 3406 1368 3480 imperio

290 3483 375 3551 debat,
383 3496 468 3560 etpars
477 3483 603 3538 redituum
614 3479 800 3556 provinciarum
850 3485 931 3558 jacere
941 3522 949 3550 ,
963 3504 1042 3558 pauee
1054 3485 1105 3538 illis
1116 3485 1197 3540 ditata
1207 3499 1235 3540 et
1243 3487 1357 3560 propia.

193 3561 199 3568 '
291 3565 419 3618 Cesaram
437 3562 577 3616 induebant
588 3578 594 3613 ε
607 3559 702 3612 Seneca
710 3561 802 3626 patri-
882 3561 907 3614 3.
917 3561 998 3616 Bion.
1017 3563 1195 3618 Abas-rationu
1208 3565 1265 3619 Ds'o
1278 3587 1300 3618 s.
1311 3565 1365 3619 Ds's:

290 3645 407 3698 monium
417 3642 501 3715 priora
513 3639 637 3714 appellat:
648 3651 674 3690 at
685 3655 762 3708 quum
772 3635 800 3688 hi
849 3642 927 3693 modo
939 3639 1101 3695 librariorum
1119 3641 1255 3696 historiam
1273 3644 1368 3718 philoa-

291 3721 384 3775 reditus
397 3739 451 3772 nou
462 3715 624 3782 sufficerent,
645 3713 737 3768 tributa
755 3713 800 3767 di·
849 3717 1022 3792 ignorantium
1032 3720 1158 3775 solemnes
1171 3736 1239 3776 sum,
1250 3747 1286 3762 -
1294 3723 1369 3777 350„

291 3803 356 3855 verti
368 3800 487 3876 generis,
501 3820 522 3852 e.
534 3819 556 3850 e.
569 3795 688 3850 vicesima
701 3793 801 3848 heredi·
853 3799 1031 3874 Borysthenita
1054 3800 1222 3875 Theophrasti
1250 3815 1369 3876 tempore

292 3875 637 3954 tatuma·U·758.DioCass.
645 3874 806 3938 wabren-
854 3880 916 3933 vixit
939 3880 1043 3951 ejusque
1063 3882 1200 3956 discipulus
1218 3885 1289 3948 tuit,
1320 3885 1369 3937 sed

293 3961 381 4015 tesima
390 3979 475 4012 rerum
487 3956 726 4023 venaliumfflacit.
735 3957 804 4008 Anu·
855 3956 947 4010 deinde
965 3957 1110 4012 eclecticum
1122 3980 1149 4014 se
1161 3962 1266 4034 gessisse
1283 3961 1369 4014 vide-

294 4041 319 4099 i,
344 4040 389 4104 75,
413 4050 459 4090 etc.
488 4035 690 4110 imponebantur.
713 4035 805 4088 Dionis
853 4037 1037 4092 tur.Gratiosus
1046 4039 1095 4092 [uit
1103 4039 1169 4112 apud
1178 4061 1265 4112 regem
1275 4043 1369 4096 Maee-

294 4129 376 4170 autent
389 4129 459 4170 aetate
471 4134 546 4168 omne
562 4115 615 4168 fisci
631 4129 655 4168 et
670 4115 751 4170 aerarii
766 4115 806 4167 di·
855 4115 955 4182 doniae,
968 4117 1126 4188 Antigonum
1138 4119 1166 4181 Ι,
1178 4119 1246 4171 eirea
1255 4119 1288 4170 oi.
1305 4139 1368 4185 teo,

293 4191 402 4248 scritnen
416 4194 545 4248 evanuisse
561 4193 658 4247 videtur
674 4193 752 4261 ltu,
767 4213 804 4248 aa.
855 4213 913 4248 anu.
926 4207 975 4252 ant.
988 4195 1034 4252 ch.
1043 4209 1096 4251 nat,
1106 4196 1161 4252 236.
1170 4195 1209 4250 Cf.
1222 4197 1311 4254 uosad
1322 4197 1371 4250 Se-
