2954 4926
205 481 210 493 '
309 465 376 530 lion
638 453 708 524 DE
731 453 1049 522 BENEFICIIS

311 593 437 682 frigore
455 588 635 668 balneum,
660 600 719 653 aut
742 585 894 678 ignem?
917 585 995 653 Scio
1020 599 1131 652 tamen
1154 585 1298 675 quanti·
1320 587 1384 656 ista

309 721 552 774 consecuturus
569 701 794 771 diversorium
813 700 966 769 subeam.
992 699 1168 792 Quantum
1184 701 1286 770 nobis
1302 727 1384 795 pre·
1452 759 1456 764 ,

310 838 395 905 stat,
416 821 475 915 qui
491 819 663 888 labentem
680 815 818 886 domum
835 818 997 911 suscipit⁸
1011 819 1026 884 l
1040 834 1075 886 et
1088 833 1247 912 agentem
1260 844 1301 886 ex
1317 821 1383 888 imo

310 940 412 1006 rimas
424 927 582 1006 insulam³
595 933 790 1002 incredibili
803 949 876 1001 arte
889 928 1101 1027 suspendit‘?
1112 953 1206 1004 certo
1221 951 1339 1004 tamen
1351 953 1385 1004 et

270 1070 288 1122 o
309 1057 377 1124 levi
391 1056 502 1149 pretio
516 1053 642 1122 fultura
655 1051 869 1120 conducitur.
888 1053 1009 1120 Murus
1024 1075 1087 1120 nos
1099 1051 1143 1120 ab
1157 1053 1318 1122 hostibus
1329 1071 1383 1121 tu-

310 1191 382 1248 tos,
402 1189 436 1241 et
454 1195 472 1239 a
490 1171 610 1239 subitis
623 1169 793 1236 latronum
811 1168 1064 1238 incursionibus
1076 1177 1218 1262 ¹praestat
1235 1198 1251 1270 ³.
1267 1185 1383 1238 notum

309 1307 360 1358 est
375 1305 507 1370 tamon,
524 1287 600 1355 illas
614 1302 745 1366 turres,
761 1307 825 1378 pro
839 1285 1019 1353 securitate
1036 1285 1173 1378 publica
1187 1309 1385 1380 propugna-

309 1404 386 1474 cula
403 1403 599 1484 habituras,
619 1401 826 1468 excitaturus
840 1395 935 1467 luber
946 1398 1031 1493 quid
1050 1402 1086 1468 in
1104 1400 1194 1469 diem
1213 1419 1358 1470 mereat.

358 1521 449 1590 xv1.
463 1519 638 1586 Infinitum
653 1518 739 1598 erit,
753 1518 781 1584 si
795 1514 894 1584 latius
907 1515 1061 1608 exempla
1071 1518 1296 1608 conquiram,
1314 1519 1384 1608 qui-

308 1637 373 1704 bus
390 1651 571 1730 appareat,
588 1659 693 1729 parvo
709 1657 832 1726 magna
849 1649 1017 1701 constare.
1038 1631 1135 1725 Quid
1153 1636 1265 1727 ergo?
1277 1653 1383 1726 quare

309 1767 344 1820 et
357 1751 489 1820 medico
502 1768 536 1821 et
549 1751 749 1846 preceptori
763 1749 840 1843 plus
852 1748 1014 1842 quiddam
1028 1749 1159 1832 debeo,
1178 1773 1246 1818 nec
1261 1750 1385 1820 adver-

310 1895 366 1938 sus
389 1869 464 1938 illos
491 1869 648 1938 mercede
666 1867 865 1960 defungor?
882 1866 974 1958 Quia
995 1891 1035 1934 ex
1052 1863 1183 1935 medico
1200 1891 1241 1936 ac
1252 1893 1382 1960 praeoe-

310 2003 408 2082 ptore
418 1988 454 2055 in
464 1989 609 2056 amicum
623 1998 812 2062 transeunt,
825 1999 859 2050 et
870 2007 931 2051 nos
941 2007 1007 2051 non
1017 2001 1089 2052 arte
1099 2007 1202 2075 quam
1211 1984 1380 2066 vendunt,

268 2143 282 2171 ι
309 2102 485 2198 obligant,
502 2102 561 2170 sed
579 2101 729 2194 benigne
747 2115 782 2167 et
799 2098 957 2166 familiari
973 2098 1159 2166 voluntate.
1175 2099 1299 2190 Itaque
1314 2123 1384 2167 me-

309 2219 405 2302 dico,
427 2222 453 2288 si
473 2213 561 2289 nibil
583 2217 727 2310 amplius
744 2238 844 2308 quam
864 2239 998 2284 manum
1016 2217 1145 2318 tangit,
1167 2230 1203 2284 et
1221 2241 1276 2283 me
1294 2218 1385 2284 inter

309 2361 387 2419 eos,
408 2361 493 2430 quos
509 2333 741 2430 perambulat,
765 2333 880 2425 pouit,
903 2333 977 2401 sine
995 2332 1066 2400 ullo
1084 2332 1207 2400 affectu
1228 2331 1385 2400 facienda

308 2449 488 2520 vitandave
501 2449 724 2544 praecipiens,
739 2446 828 2514 nibil
839 2447 985 2540 amplius
998 2447 1106 2515 debeo
1120 2469 1129 2512 ε
1144 2447 1226 2539 quia
1246 2471 1299 2515 me
1314 2472 1383 2515 non

307 2669 381 2721 rbem
399 2667 480 2721 aureis
499 2665 585 2720 multis
601 2664 754 2718 dubitaverit
765 2682 820 2715 mu·
868 2665 974 2718 redeunt
985 2678 1022 2718 ter
1036 2665 1133 2719 ducena
1146 2663 1313 2718 Parmensi.»
1324 2665 1382 2719 llos

306 2745 420 2800 tars?rlt
431 2747 557 2799 interdum
563 2745 592 2798 iu
601 2743 680 2818 patria
688 2756 762 2806 terra,
772 2761 819 2794 nas
868 2759 905 2798 est
915 2787 922 2810 ,
933 2767 947 2799 e
959 2745 1075 2799 domibus
1088 2765 1150 2818 quas
1161 2745 1189 2798 in
1202 2745 1265 2800 urbe
1278 2746 1363 2800 locavi
1374 2787 1382 2812 ,

305 2826 390 2878 minus
407 2826 509 2899 potione
531 2843 652 2898 egemus,
669 2841 717 2874 nec
733 2819 819 2874 minua
868 2823 950 2877 iteme
966 2823 1050 2889 villis,
1063 2822 1165 2898 prediis
1174 2863 1181 2887 ,
1201 2823 1269 2896 agris
1283 2839 1337 2874 m
1348 2825 1383 2879 Η.

305 2905 463 2978 excopimus;
474 2903 529 2975 quis
539 2923 599 2955 vero
611 2901 666 2955 baec
678 2899 722 2953 tali
736 2899 817 2974 pretio
866 2903 893 2956 S.
903 2913 1008 2954 centena
1025 2901 1108 2954 millia
1121 2900 1158 2967 (b.
1166 2920 1187 2954 e.
1196 2899 1337 2966 3,ooo,ooo
1345 2921 1383 2954 se·

304 2996 348 3037 arat
360 2983 519 3048 vendiderit,
533 2995 576 3035 aut
587 2979 693 3034 emerit?
864 2983 976 3034 stertium
987 2983 997 3048 )
1008 2981 1144 3052 quotannis
1156 2979 1221 3033 mibi
1233 2982 1357 3042 redeunt,
1368 3003 1381 3033 e

342 3081 360 3112 ι.
379 3059 487 3130 Quanti.
500 3061 550 3113 Pro
565 3059 694 3128 quantuli.
708 3057 816 3110 Contra·
864 3060 995 3133 pecoribus
1013 3079 1076 3113 vero
1094 3079 1158 3130 quos
1175 3059 1242 3134 apud
1259 3061 1381 3112 Parmam

304 3139 356 3190 rius
368 3159 456 3192 sensus
474 3143 506 3211 τῷ
521 3139 615 3208 quanti
622 3177 630 3205 ,
647 3136 716 3207 quod
731 3155 813 3208 supra.
864 3158 948 3214 pasco,
957 3138 1034 3192 sexies
1043 3137 1191 3191 sestertium.
1206 3137 1288 3190 Cicer.
1296 3139 1329 3191 ad
1338 3139 1383 3190 At·

304 3218 379 3270 Hanc
397 3217 535 3290 pretiorum
552 3215 666 3268 notitiam
687 3227 711 3266 et
726 3213 814 3266 llorat.
865 3217 904 3271 tic.
914 3217 960 3270 lib.
971 3217 1004 3284 X,
1013 3239 1051 3292 ep.
1059 3232 1126 3269 vrtt:
1137 3239 1150 3263 a
1160 3215 1269 3269 Atbunc
1277 3215 1382 3289 ipsisl..

304 3294 440 3368 optabilem
447 3295 523 3362 canit,
532 3295 549 3349 l.
558 3296 568 3345 l
573 3294 608 3358 ll,
618 3292 669 3344 Od.
677 3307 730 3355 xtx,
741 3311 777 3343 vs.
786 3292 815 3343 li:
865 3295 956 3347 dorum
969 3293 1057 3346 diebus
1068 3293 1185 3345 videbam
1198 3293 1320 3345 ininsula
1330 3293 1384 3344 ela·

305 3398 319 3422 n
329 3373 493 3444 Quisaquaus
502 3383 622 3445 temperet
628 3369 814 3444 iguibus,Quo
864 3373 957 3426 sissimi
969 3371 1133 3425 adolescentis
1144 3369 1254 3424 Luculli.
1268 3395 1283 3418 »
1295 3369 1380 3434 Idem.

303 3451 430 3525 prebente
441 3451 689 3522 domum,etquota,
700 3450 814 3523 Pelignis
864 3473 909 3526 pro
931 3451 992 3505 Cael.
1011 3471 1064 3523 esp.
1080 3469 1107 3520 ¹7
1123 3467 1130 3500 :
1146 3473 1160 3497 a
1174 3451 1252 3502 Nunc
1272 3447 1380 3501 demun

303 3553 401 3586 caream
413 3531 565 3605 frigoribus,
578 3543 643 3583 taces
653 3529 660 3580 l
670 3551 683 3576 a
865 3531 980 3608 intelligo
994 3529 1095 3583 Claudii
1107 3526 1215 3580 insulam
1231 3545 1284 3580 esse
1297 3546 1381 3584 vena·

338 3611 512 3682 s.Quuntum
513 3647 553 3662 .....
563 3611 692 3662 labentem
704 3612 813 3662 domum
862 3613 940 3664 lem.»
953 3609 1002 3661 Ubi
1016 3609 1083 3661 conl.
1096 3606 1196 3658 Ernesti
1211 3605 1251 3658 Cl·
1266 3605 1322 3659 Cic.
1331 3607 1381 3659 Ad.

305 3691 427 3756 suscipit,·
440 3687 516 3759 tignis
529 3699 554 3738 et
565 3685 672 3740 fulturis.
862 3707 963 3759 quoquc
975 3726 982 3752 ,
995 3685 1016 3738 si
1029 3683 1103 3736 libeat
1116 3722 1122 3749 ,
1134 3683 1213 3735 Tacit
1227 3683 1315 3735 annal.
1337 3683 1380 3736 lib.

334 3763 668 3830 3.1nsuta,mmts‚latum
677 3762 812 3817 aedificium
863 3766 930 3829 XV,
943 3784 997 3837 rap.
1011 3762 1049 3828 43.

304 3843 387 3916 plures
397 3841 565 3896 habitationes
576 3841 720 3894 tenuiorum
733 3854 758 3894 et
770 3842 816 3893 iu-
897 3840 920 3905 4
934 3839 1099 3906 Emeritam
1102 3873 1151 3890 ......
1163 3839 1380 3904 suspendium·

301 3921 461 3990 quiliuorum
471 3921 656 3994 complectens,
670 3931 694 3970 et
705 3918 736 3971 ab
744 3919 817 3971 omni
866 3919 942 3996 pendi
959 3919 1014 3971 vult
1026 3917 1152 3990 superiora
1169 3915 1281 3981 domus,
1298 3915 1380 3968 donee

302 4010 372 4069 parte
386 3996 501 4050 liberum.
511 3997 613 4050 'l'alium
626 3995 718 4050 tedium
729 3997 817 4051 Rome
868 3997 918 4052 ima
931 4007 1066 4048 restaurata
1078 4007 1103 4046 et
1115 3993 1222 4048 firmata.

303 4077 341 4128 vis
354 4076 434 4130 multa
443 4075 499 4130 init.
511 4075 622 4128 Martial.
632 4073 676 4128 lib·
687 4075 737 4141 Ν,
750 4075 815 4148 epig.
897 4075 969 4128 XVI.
986 4076 1057 4126 Atto.
1071 4070 1239 4126 continuatio
1253 4089 1337 4144 usque
1350 4070 1381 4122 ad

303 4169 394 4207 xxxttrt
404 4196 412 4224 ,
424 4175 460 4206 vs.
479 4157 509 4222 4,
523 4157 553 4218 5,
565 4167 611 4208 etc.
623 4172 630 4206 τ
644 4178 658 4201 a
669 4155 706 4208 Es
716 4155 814 4220 insulis,
865 4177 918 4229 rap.
930 4169 969 4205 at.
982 4153 1039 4206 llos
1051 4171 1110 4204 vero
1123 4148 1285 4223 peculiariter
1294 4161 1381 4200 metat

307 4233 443 4302 fundisque
454 4233 536 4284 tricies
547 4233 645 4285 eoldum
657 4271 663 4296 ,
678 4235 714 4284 Es
726 4255 815 4306 pesam
865 4235 896 4286 ‹le
907 4231 1007 4286 medico
1018 4245 1041 4284 et
1052 4229 1214 4284 scientiarum
1227 4227 1381 4282 liberalium-
