2952 4938
385 455 483 524 err.
510 456 605 542 vn,
635 457 745 526 cnr.
770 457 880 525 x1v.
1099 459 1167 553 669
1270 405 1272 411 ¹

101 585 285 654 amicitiam
296 585 521 678 experiretur.
539 586 715 680 Locupleti
724 583 852 656 donare
865 610 934 655 non
947 563 1058 681 potuit
1064 637 1076 673 ,
1089 611 1170 658 sano

102 701 273 788 assidere,
294 703 386 771 felici
407 725 605 772 succurrere
623 729 631 770 :
653 703 795 796 gratiam
812 702 949 786 retulit,
972 705 1116 774 etiamsi
1133 719 1172 773 tu

103 819 309 888 beneficium
329 845 398 888 non
421 821 592 914 recepisti.
610 823 797 903 Proeteree‚
816 819 899 889 huic
914 820 1064 889 intentus
1082 845 1171 890 sem-

103 959 183 1028 per,
201 951 236 1003 et
253 936 356 1029 hujus
376 937 428 1003 rei
444 951 577 1028 tempus
595 937 792 1030 opperiens,
815 937 874 1029 qui
892 938 930 1004 in
947 937 1012 1005 boc
1029 936 1173 1006 multum

104 1077 197 1122 curae
204 1101 215 1138 ,
232 1053 376 1120 multum
388 1050 576 1122 sedulitatis
588 1051 774 1146 impendit,
785 1053 863 1148 plus
874 1053 1057 1137 laboravit,
1070 1076 1173 1146 quam

104 1169 163 1238 cui
181 1169 249 1237 cito
265 1170 396 1238 referre
411 1170 552 1264 gratiam
569 1170 723 1262 contigit.

157 1283 248 1351 XIV.
267 1282 440 1351 Debitoris
453 1281 643 1374 exemplum
658 1280 820 1350 dissimile
833 1297 884 1351 est
898 1308 906 1348 :
923 1283 979 1351 cui
990 1305 1110 1376 parum
1123 1297 1178 1350 est

105 1398 287 1490 pecuniam
310 1398 492 1488 quaesisse,
515 1377 582 1465 nisi
601 1395 711 1466 solvit.
744 1396 820 1464 Illic
840 1397 931 1468 enim
948 1412 1013 1466 stat
1031 1397 1175 1466 acerbus

106 1533 212 1603 super
230 1525 332 1602 caput
347 1508 512 1594 creditor,
533 1509 594 1602 qui
612 1509 742 1578 nullum
757 1507 869 1580 diem¹
894 1511 999 1604 gratis
1018 1507 1174 1586 occidere

106 1627 257 1718 patietur
272 1626 281 1693 ι’
296 1626 354 1694 hic
366 1625 647 1720 benignissimus,
664 1627 725 1718 qui
737 1649 842 1719 quum
855 1641 889 1694 te
900 1625 1025 1695 viderit
1037 1647 1176 1696 cursan-

105 1757 177 1810 tem
206 1758 240 1811 et
260 1743 442 1812 sollicitum
462 1758 564 1836 atque
577 1739 738 1826 'anxium
767 1741 858 1812 dicat
878 1743 1002 1812 :Mitte
1024 1742 1114 1810 hanc
1130 1740 1175 1810 de

104 1872 388 1952 pectoreeuram.
403 1859 530 1927 Desine
546 1857 609 1925 ribi
622 1857 780 1926 molestus
794 1859 960 1927 instare²2
983 1858 1095 1926 omnia
1106 1881 1127 1924 s
1140 1871 1175 1924 tc

106 1961 257 2043 hsbeo³.
280 1974 453 2067 lnjurismv
468 1971 552 2044 mihi
579 1972 681 2056 fecis,
703 1975 731 2042 si
751 1959 806 2041 me
823 1973 1008 2066 quidquam
1030 1973 1176 2067 amplius

106 2092 304 2162 desiderare
322 2091 469 2185 judicas.
495 2090 694 2160 Plenissime
718 2088 763 2160 ad
792 2115 847 2160 me
865 2092 1021 2185 pervenit
1043 2091 1176 2159 enimus
1199 2115 1222 2158 s.

108 2224 201 2278 tuus.
218 2209 321 2292 snio,
334 2200 482 2301 inquit⁴‚
494 2207 577 2274 mihi
597 2234 605 2274 :
626 2205 816 2276 reddidisse
826 2207 1031 2276 beneficium
1045 2206 1176 2277 diceres

107 2322 229 2405 illum,
246 2323 305 2415 qui
321 2323 370 2390 sic
384 2321 526 2416 gratiam
541 2319 684 2389 retulit?
698 2319 826 2389 Eodem
840 2344 924 2415 ergo
943 2321 1017 2390 loco
1030 2336 1099 2404 est,
1116 2321 1176 2414 qui

110 2437 277 2523 reddidit,
294 2439 396 2531 etqui
411 2461 481 2505 non
494 2435 656 2506 reddidit.
672 2464 688 2500 r
701 2431 842 2507 Contra⁵
854 2461 946 2506 nunc
958 2436 1044 2506 illud
1059 2462 1148 2532 pone
1165 2463 1174 2507 ι

110 2556 142 2625 si
160 2555 285 2625 oblitus
302 2569 391 2623 esset
405 2541 536 2648 accepti
554 2553 735 2636 beneficii,
756 2555 785 2622 si
802 2576 847 2623 ne
862 2569 1023 2626 tentasset
1038 2554 1177 2648 quidem

112 2649 229 2765 gratus
240 2667 338 2752 esse,
355 2691 499 2762 negares
512 2667 607 2736 illum
625 2669 767 2761 gratiam
780 2667 949 2736 retulisse.
973 2667 1018 2736 At
1033 2668 1092 2746 hie
1105 2667 1178 2737 die·
1201 2682 1217 2736 3

110 2786 177 2856 bus
190 2780 414 2878 noctibusque
426 2807 462 2852 se
475 2784 628 2868 lassavit,
646 2799 680 2852 et
699 2784 854 2854 omnibus
877 2784 953 2853 aliis
971 2787 1177 2854 renuntiavit

111 2902 253 2985 officiis,
275 2900 357 2968 huic
373 2899 434 2967 uni
449 2897 649 2980 imminens,
669 2913 704 2967 et
717 2891 910 2993 operatus⁶,
928 2923 973 2968 ne
987 2924 1054 2991 qua
1071 2924 1108 2968 se
1122 2900 1177 2968 fu-

113 3033 212 3112 geret
221 3017 362 3086 occasio.
376 3014 503 3083 Eodem
515 3038 597 3108 ergo
608 3013 683 3083 loco
694 3030 796 3084 erunt
806 3065 816 3099 ,
828 3016 886 3084 ille
896 3017 956 3108 qui
967 3039 1081 3084 curam
1093 3016 1179 3084 rele-

113 3133 231 3204 rendae
241 3129 507 3228 gratiaesbjecit,
520 3146 554 3200 et
565 3130 625 3200 bic
635 3133 695 3225 qui
704 3157 877 3226 nunquam
889 3133 933 3202 ab
946 3133 1005 3202 ille
1019 3134 1179 3204 recessit?

149 3354 223 3407 XIV.
234 3354 305 3406 Arse.
314 3353 383 3404 lnter
393 3350 543 3404 creditorem
551 3363 575 3402 et
582 3350 625 3412 be·
656 3393 658 3396 .
673 3352 736 3423 quid
748 3351 813 3406 mibi
827 3353 931 3406 reddere
949 3347 1074 3416 debnisti,
1092 3352 1181 3408 reddi-

115 3433 270 3485 nel'sctorem
281 3429 417 3484 monimum
431 3427 566 3481 discrimen
582 3439 625 3480 est.
673 3431 732 3484 disti
745 3448 752 3482 ε
763 3451 810 3502 ego
822 3431 906 3504 accepi
918 3443 943 3484 et
954 3430 1077 3502 possideo.

115 3511 234 3567 Voluisse
246 3522 270 3562 et
277 3521 406 3562 suenusse
418 3509 475 3562 sotis
487 3520 530 3561 est.
650 3564 652 3570 ,
706 3511 729 3576 4,
742 3511 849 3578 Inquit,
863 3508 988 3579 objicitur.
1007 3511 1049 3562 An
1061 3521 1158 3583 peteres
1171 3550 1179 3575 ‚

151 3605 174 3639 1.
189 3587 246 3660 Qui
255 3589 358 3640 nullum
369 3589 454 3652 dim,
466 3597 511 3639 ete.
525 3585 621 3658 Nempe
672 3589 708 3641 sic
721 3601 820 3660 gratum
832 3587 944 3641 retulisse
956 3586 1130 3640 beneficium?

116 3667 206 3740 elapsis
217 3665 352 3733 Calendis,
365 3667 417 3718 sive
429 3666 514 3719 ldibus
528 3667 623 3730 (tenne
705 3669 729 3720 5.
743 3667 852 3732 antra,
867 3665 1013 3729 enimvero,
1026 3677 1052 3716 et
1062 3685 1136 3732 vero,
1146 3679 1182 3718 est

114 3751 149 3801 de
160 3749 272 3816 rigetur)
286 3781 294 3810 ‚
310 3765 361 3816 qno
376 3744 417 3797 die
429 3743 517 3796 ultimo
530 3741 622 3796 solutio
673 3744 824 3815 objicientis,
837 3743 882 3815 qui
894 3743 1001 3796 oblitum
1014 3741 1131 3798 beneficii
1143 3763 1182 3797 ac·

114 3821 392 3891 sortis,sutusurselieri
401 3835 426 3874 et
434 3819 624 3893 redigiaeredi-
674 3819 1183 3896 teptietgrstiaerelerendseeupidumin·

115 3916 172 3956 tore
192 3900 288 3954 solebat
305 3919 312 3954 t
328 3899 417 3970 cuique
439 3898 491 3952 diei
513 3896 627 3952 inscribit
674 3915 713 3954 ter
724 3920 750 3953 se
766 3899 887 3972 opponit,
904 3910 949 3952 ete.
965 3918 1019 3950 non
1031 3899 1183 3971 responden-

114 3981 160 4034 ille
172 3999 274 4034 usuram
284 3979 438 4033 solvendam.
624 3987 627 3994 ⁴
676 3980 709 4032 tis
725 3977 862 4050 objectioni
878 3997 922 4052 per
940 3975 1049 4029 similem
1065 3975 1184 4046 objectio·

120 4096 123 4102 ·
152 4082 176 4114 s.
188 4059 310 4126 Instare,
320 4071 343 4111 te
353 4059 432 4133 ipsum
440 4077 529 4130 urgere
540 4069 565 4111 et
572 4077 627 4130 pre·
677 4076 745 4110 nem.

117 4155 197 4192 mere.
710 4135 735 4188 6.
744 4134 883 4202 operatus.
895 4131 938 4185 Sic
948 4151 1036 4186 ornnes
1044 4132 1118 4188 codd·
1132 4131 1185 4186 Sed

119 4255 124 4264 .
152 4213 177 4267 3.
194 4215 354 4268 Omniaole
365 4212 454 4267 babeo.
463 4213 496 4267 ll.
509 4232 531 4264 e.
542 4211 624 4282 Quid·
677 4211 792 4264 Muretus
803 4208 930 4282 amplexus
941 4221 977 4263 est
992 4215 1186 4279 :opperiens-
