2966 4948
499 425 679 496 CAPUT
703 425 852 494 XXVI.
1138 431 1198 496 183

130 558 332 627 commercio
352 560 503 652 gentium
527 572 650 652 rupto,
677 559 870 626 societatem
899 557 1034 650 generis
1059 558 1200 628 humani

131 688 304 765 coetusque
315 672 487 743 dissolvet.
499 672 590 744 Alibi
605 673 768 742 hiatibus¹
786 675 888 742 vastis
902 673 1069 742 subducet
1080 674 1196 758 urbes,

131 789 335 860 tremoribus
353 792 507 883 quatiet,
527 805 562 859 ot
579 815 620 859 ex
635 791 752 859 infimo
769 791 970 884 pestilentiae
984 791 1110 862 balitus
1123 794 1201 862 mit-

131 923 198 990 tet,
221 923 257 975 et
275 905 574 992 inundationibus,
604 904 774 1000 quidquid
799 906 995 990 habitetur,
1021 907 1196 994 obducet3

129 1023 335 1118 necabitque
353 1049 453 1093 omne
471 1024 595 1092 animal
615 1022 697 1092 orbe
716 1022 909 1106 submerso,
929 1041 962 1093 et
980 1025 1118 1118 ignibus
1130 1051 1201 1097 vas·

130 1139 172 1206 tis
193 1138 339 1207 torrebit
358 1135 587 1231 incendetque
605 1137 771 1230 mortalia.
792 1139 834 1206 Et
851 1162 957 1230 quum
981 1154 1114 1233 tempus
1141 1139 1200 1208 ad·
1224 1151 1242 1206 6

128 1255 285 1336 venerit,
315 1277 383 1346 quo
399 1276 436 1320 se
451 1250 598 1322 mundus
615 1268 838 1322 renovaturus
851 1253 1044 1348 extinguet,
1067 1255 1199 1326 viribus

128 1373 194 1441 iste
207 1395 243 1440 se
257 1372 327 1440 suis
340 1369 471 1439 caedent
479 1420 489 1456 ‚
502 1386 537 1439 et
550 1368 662 1439 sidera
675 1369 843 1440 sideribus
853 1372 1047 1456 incurrent,
1061 1388 1095 1440 et
1107 1375 1199 1442 omni

129 1485 297 1579 flagrante
310 1484 472 1566 materia,
487 1507 556 1551 uno
572 1485 673 1577 igne,
689 1482 859 1577 quidquid
872 1509 964 1554 nunc
981 1509 1023 1553 ex
1037 1485 1199 1579 disposito

128 1601 265 1684 lucet’,
289 1599 434 1668 ardebit.
457 1602 527 1668 Nos
544 1623 680 1692 qnoque
706 1599 820 1668 felices
843 1601 985 1684 enimse,
1009 1616 1043 1669 et
1072 1617 1199 1670 eterna

128 1719 280 1801 sortite,
295 1741 401 1810 quum
416 1719 489 1786 Deo
506 1717 617 1784 visum
636 1717 703 1784 erit
721 1717 845 1784 iterum
860 1718 923 1784 iste
937 1717 1067 1802 moliri,
1084 1717 1198 1788 laben·

128 1833 222 1902 tibus
240 1835 394 1918 cunctis,
413 1849 447 1901 et
464 1834 546 1926 ipsse
564 1856 669 1927 parve
682 1834 790 1902 ruinae
808 1835 959 1927 ingentis
974 1837 1143 1920 accessio,
1162 1839 1208 1904 in¹

126 1953 270 2045 antique
279 1941 651 2020 elementaverternur³.
664 1949 811 2018 Felicem
823 1950 931 2018 filium
941 1956 1194 2038 tuum‚Mercie,
1258 1991 1262 2000 ·

127 2071 190 2161 qui
203 2070 268 2137 ists
277 2068 349 2160 jem
362 2067 469 2137 norit.
488 2093 505 2131 s

127 2277 155 2330 b·
168 2275 185 2328 Ι.
198 2275 400 2344 stht.Qnoest.
413 2275 530 2344 ill,s7,
544 2293 580 2346 sq.
593 2293 640 2326 ex·
722 2275 746 2326 3.
760 2275 818 2328 Nos
830 2295 930 2346 quoque
929 2315 974 2331 .....
987 2283 1015 2331 eis
1027 2283 1197 2350 antiqnaele·

127 2357 221 2431 posuit.
689 2367 774 2408 mento
783 2369 918 2411 venemur.
929 2359 969 2410 De
977 2359 1120 2413 animarum
1128 2373 1197 2414 aar·

166 2456 188 2489 t.
198 2434 337 2488 Hiotidus.
349 2432 460 2508 lipsieni
475 2431 551 2486 libri:
565 2452 641 2485 mon-
689 2433 766 2486 nitate
778 2431 910 2486 variabunt
922 2434 1018 2502 Stoici,
1037 2456 1145 2508 qnorum
1151 2438 1198 2491 ,alii

129 2515 263 2567 simun
283 2531 338 2564 non
350 2512 463 2564 molibus
479 2522 507 2563 ut
520 2509 552 2564 sd
569 2522 640 2564 terre
689 2512 830 2585 sapientum
840 2511 959 2565 duntaxat
968 2513 1064 2566 snimss
1075 2535 1199 2587 perenne·
1288 2547 1291 2554 ‹

129 2591 271 2644 motionem
282 2589 399 2663 spectet?
691 2608 718 2640 re
725 2625 733 2652 ,
750 2588 794 2641 atii
808 2609 896 2641 omnes
913 2589 1044 2643 duraturas
1057 2610 1109 2644 esse
1119 2613 1199 2662 usquc

164 2667 246 2720 mlix
254 2669 382 2736 disposito
393 2669 465 2720 tecet.
473 2665 642 2737 Quidquidex
691 2668 723 2721 sd
734 2668 823 2721 mundi
833 2669 1057 2743 condegentionem
1066 2669 1199 2724 docebsnt.

129 2743 383 2819 mnndipertibnsst
402 2743 491 2798 ordine
506 2757 556 2798 tarn
576 2745 641 2797 beno
692 2746 731 2797 Dc
749 2747 788 2799 bis
809 2750 862 2801 fuse
883 2748 980 2820 Lipsius
1000 2748 1027 2801 in
1050 2749 1199 2824 Pbysiolog.

130 2823 254 2898 disposito
265 2845 334 2878 nnnc
343 2822 417 2877 locet.
692 2823 777 2877 stoica.
