2954 4926
441 463 538 532 mo.
565 463 644 549 tu,
670 465 775 532 cue.
803 466 895 532 ΧΗ.
1138 467 1204 558 597

129 593 307 688 separabo.
331 594 477 668 Multum
497 593 589 660 enirn
608 595 771 678 interest,
795 609 910 662 utrum
928 595 1052 686 aliquis
1070 595 1204 663 benefi·
1232 619 1245 650 ¹
1357 631 1363 648 s
1472 683 1475 690 Ι

128 711 221 778 oium
240 710 338 778 uobis
358 710 417 777 det
436 731 496 776 sue
515 730 633 792 cauea,
653 731 697 776 an
715 726 850 792 nostra,
875 735 920 778 an
943 733 1004 779 sua
1022 726 1057 779 et
1074 719 1201 780 nostra}

129 827 194 896 lile
212 807 272 920 qui
290 841 378 896 totus
396 825 440 895 ad
459 850 495 894 ee
509 840 656 918 spectat,
673 842 708 896 et
723 826 822 896 nobis
835 827 993 922 prodest,
1011 829 1091 921 quia
1105 829 1213 928 aliter

130 945 198 1013 eibi
215 944 673 1039 prodesse,nou,potest,'eo
696 944 769 1014 ioco
789 946 874 1014 mihi
891 962 963 1029 est,
985 970 1054 1039 quo
1071 947 1131 1038 qui
1143 971 1207 1040 pe-

130 1065 205 1130 cori
218 1086 279 1131 suo
292 1041 478 1130 hibernum¹
489 1075 525 1127 et
534 1061 685 1129 aesti'vum
695 1061 858 1154 pabulum
869 1065 1052 1158 prospicit,
1066 1089 1106 1132 eo
1116 1063 1203 1148 loco,

130 1203 201 1271 quo
218 1181 279 1271 qui
294 1179 444 1271 captivos
464 1201 561 1259 euos,
588 1192 626 1246 ut
648 1178 857 1248 commodius
874 1195 1050 1263 runcant,
1073 1183 1181 1274 pascit
1193 1233 1207 1260 ,

130 1310 168 1362 et
185 1296 315 1388 opimos
330 1295 435 1364 boves
455 1294 604 1386 segiuat¹
624 1316 664 1360 ae
680 1290 867 1382 defricat²3
887 1321 955 1388 quo
973 1288 1128 1380 lanietu³,
1146 1300 1206 1389 qui

130 1401 313 1478 familiam⁶
333 1432 427 1478 ouem
452 1433 581 1477 summa
599 1431 681 1476 cura
701 1423 836 1476 exercet
854 1424 956 1501 atque
976 1425 1087 1478 ornat.
1111 1413 1205 1483 Mui·

132 1539 223 1607 tum,
244 1538 283 1591 ut
299 1523 349 1591 ait
365 1522 569 1605 Cleanthes,
589 1544 609 1592 a
627 1521 796 1592 beneficio
810 1521 912 1591 distat
928 1525 1113 1618 negotiatio
1125 1518 1152 1593 ⁵.

131 1717 497 1786 diceretur29uoem,quoe
510 1716 645 1782 temnet
705 1717 710 1734 ⁵
727 1715 751 1768 3.
771 1713 901 1784 lanista,
921 1732 945 1772 et
964 1721 1009 1791 qui
1029 1720 1074 1774 atii
1094 1731 1211 1792 quastus.

129 1798 258 1866 quoedum
269 1796 330 1849 hom
331 1832 389 1849 .......
400 1815 459 1866 quoe
469 1798 644 1861 aliis,ete.-
693 1813 767 1846 eausa
779 1793 1011 1866 gladiatoressuos,
1024 1800 1103 1871 etqui
1114 1802 1166 1873 ipse
1178 1800 1212 1853 im

126 1873 647 1945 Aliisimputunt,·sueeausasuiqueeom
693 1871 793 1926 domini
804 1873 844 1926 sui
855 1875 960 1946 gretiam
972 1877 1046 1930 doeet
1058 1889 1083 1931 et
1089 1889 1175 1942 ome,
1190 1879 1208 1931 i.

129 1951 203 2003 modi
221 1950 300 2024 gretia
316 1951 429 2017 faciunt,
449 1963 472 2004 et
483 1951 555 2004 alteri
572 1951 643 2022 quasi
693 1969 714 2001 e.
735 1963 854 2024 properet
874 1951 1017 2025 gladiorum
1031 1974 1153 2029 gregem,
1170 1956 1209 2008 ir-

129 2026 284 2081 beneiieium
294 2027 443 2082 inscribunt.
454 2026 510 2080 Sibi
521 2027 643 2080 datumin
692 2025 800 2080 mittam.
811 2028 844 2081 Η.
858 2029 875 2080 l.
886 2030 966 2102 priori
977 2050 1053 2086 seusu
1069 2032 1207 2106 capiendus

130 2107 236 2160 alterius
246 2106 386 2159 rationibus
396 2118 503 2180 ponunt.
693 2113 730 2157 est
743 2103 842 2157 lanista.
859 2105 959 2179 Lipsius
975 2106 1060 2162 iaudat
1081 2111 1207 2164 Saturuei.

168 2208 188 2239 ι.
198 2187 308 2255 θρίιηω
317 2187 391 2240 boves
399 2190 513 2258 saginat.
522 2186 643 2242 Siveme·
692 2177 721 2248 1,
730 2185 769 2246 15,
780 2195 804 2234 et
813 2181 890 2262 Fabri
902 2187 929 2239 11
940 2185 1057 2242 semem.
1068 2208 1090 2241 e.
1102 2187 1208 2242 rola-

129 2263 239 2317 cellariis
252 2264 413 2328 venditurus,
427 2263 480 2316 sive
491 2263 565 2316 Divis
574 2263 644 2316 obis·

129 2351 213 2393 turus.
233 2341 322 2394 Horat.
343 2341 430 2394 Genu.
450 2340 494 2393 lib.
517 2341 577 2407 ΠΙ,
600 2340 643 2393 od.

128 2431 227 2470 xxm:
248 2441 261 2466 ι
275 2419 343 2470 Nam
363 2437 421 2488 quae
439 2419 518 2472 nivali
537 2420 643 2492 pascitur

129 2496 227 2568 Algido
236 2498 333 2550 Derote
344 2503 450 2568 quereus
458 2498 523 2550 inter
529 2511 553 2550 et
561 2495 642 2563 iiices,

127 2579 183 2630 Aut
189 2577 278 2632 erescit
286 2577 388 2631 Albanio
399 2578 426 2630 in
435 2577 644 2644 herbisVietima,

127 2653 286 2709 Pontificum
300 2674 398 2709 secures
411 2655 515 2709 Cerviee
527 2656 614 2728 tinget.
629 2679 642 2702 υ

127 2733 211 2800 Idem,
224 2732 268 2786 lib.
279 2735 325 2796 IV,
334 2734 376 2786 od·
386 2749 417 2792 11.
429 2733 521 2807 stroph.
531 2735 640 2807 penult-2

128 2835 145 2858 ιι
154 2813 199 2866 Me
207 2825 279 2866 tener
289 2812 370 2866 solvet
381 2811 484 2878 vitulus,
495 2812 582 2865 relicta
590 2812 643 2864 Ma·

125 2902 187 2954 tre,
200 2888 245 2961 qui
258 2890 334 2964 largis
346 2890 485 2960 juvenescit
501 2889 586 2943 herbis
609 2891 639 2942 ln

128 2989 187 3022 mea
198 2982 266 3022 vote.
279 2991 294 3016 ι·
558 2971 560 2979 “

163 3067 187 3100 o.
200 3047 327 3120 Desricut.
348 3047 482 3101 Desrieure¹
501 3059 537 3101 est
554 3048 640 3100 sordes

127 3145 218 3179 omues
223 3125 314 3198 strigili
323 3126 465 3198 sbstergere
473 3137 528 3195 post
539 3123 638 3190 balnea,

126 3216 153 3257 et
164 3204 196 3258 de
204 3203 352 3257 horninibus
364 3205 463 3278 proprie
473 3203 573 3256 dieitur.
585 3202 639 3254 Cie.

127 3283 236 3352 explieat
243 3302 297 3337 nou
306 3281 372 3336 male
382 3282 422 3334 iris
430 3283 523 3347 verbis,
533 3282 639 3335 Rhetor.

126 3360 162 3412 ad
174 3361 289 3413 Hereon.
298 3359 344 3414 lib.
356 3362 409 3426 w,
423 3379 477 3433 cap.
492 3363 520 3413 15
532 3379 538 3413 :
551 3361 640 3412 «Nam
663 3377 665 3382 ’

128 3450 158 3491 ut
168 3427 232 3492 forte
244 3438 287 3492 hie
299 3439 326 3492 in
340 3438 442 3491 balneas
454 3438 525 3491 veuit
535 3478 541 3504 ,
551 3438 642 3512 eoepit,

127 3531 261 3592 postquam
276 3521 390 3591 perfusus
416 3530 469 3584 est,
491 3517 615 3570 deirieari.
629 3535 642 3562 ²³

129 3598 220 3666 Quum
234 3616 293 3649 vero
309 3594 450 3648 istiusmodi
463 3615 538 3667 opera
552 3613 642 3668 perpo-

129 3675 236 3728 iirentur
250 3673 326 3726 simul
338 3692 442 3744 corpora
453 3685 477 3727 et
489 3673 643 3746 stringeren-

128 3765 185 3814 tur,
198 3751 365 3805 instrumento
374 3771 425 3823 quo
436 3750 578 3813 utebantur,
588 3751 644 3804 stri·

129 3830 191 3904 gilis
200 3849 295 3882 nomeu
303 3829 449 3902 impositum
457 3829 553 3881 fuitdd
565 3848 642 3900 equos

130 3922 156 3962 et
173 3908 250 3982 liores
263 3907 439 3980 perpoliendoe
454 3905 558 3978 strigilis
574 3927 643 3977 quo-

130 4007 181 4057 que
195 3984 371 4049 adhibebatur,
383 3985 427 4036 sed
440 3982 493 4036 haee
506 3985 608 4036 dentata
620 3995 645 4036 et

131 4069 226 4126 ferrea,
240 4083 319 4135 quum
341 4063 451 4116 eburnea
470 4061 549 4132 vulgo
571 4065 644 4116 soret.

128 4143 224 4196 Gallie.
261 4142 385 4214 strigilem
417 4141 570 4213 appodiantur
597 4162 646 4194 rme

126 4221 215 4274 e'tre'ilr
226 4257 234 4286 ,
246 4231 269 4272 rt
282 4219 404 4274 defricare
417 4231 452 4272 est
465 4222 567 4274 e'triller.

692 2263 764 2314 trista
776 2281 835 2314 vero
849 2283 864 2316 a
874 2266 1018 2333 laniando,
1030 2282 1110 2338 quum
1128 2283 1153 2322 et
1163 2269 1207 2322 la-

692 2339 751 2391 nius
765 2339 862 2394 dicatur
874 2343 918 2413 qui
931 2345 1039 2414 pecudes
1049 2346 1117 2414 ierit,
1127 2347 1207 2402 leniat

692 2416 836 2488 venditque.
850 2418 893 2472 sie
907 2433 931 2473 et
942 2421 1031 2476 lanista
1045 2445 1103 2478 vere
1114 2445 1156 2479 eos
1169 2427 1206 2478 se-

692 2493 1206 2569 rit,lrniat,vendit,quosmunerariisdat

692 2591 738 2644 pro
754 2572 859 2643 pmuoir
871 2585 896 2626 et
907 2575 984 2628 mittit
996 2576 1023 2630 io
1036 2597 1137 2633 arenam
1159 2601 1206 2651 pu-

692 2653 897 2722 gnaturos.Uude
904 2676 956 2708 non
965 2659 1050 2730 paucis
1058 2674 1143 2714 vorata
1153 2683 1206 2716 em-

691 2729 832 2804 phitheatra
844 2734 957 2788 meeeiie.
970 2737 1003 2788 Et
1013 2738 1045 2790 ad
1058 2739 1084 2792 id
1096 2741 1206 2796 ircitlo*

691 2829 734 2862 eus
745 2809 868 2876 Amobii,
880 2812 923 2865 lib.
931 2815 956 2866 11
964 2833 971 2867 ε
980 2838 993 2862 κ
1001 2815 1099 2872 ideireo
1107 2820 1205 2874 enimes

691 2886 876 2958 misit,ut,quae
884 2890 980 2945 dudum
989 2893 1207 2964 suerentmites,et

689 2965 931 3022 feritatisaii'eetibus
939 2975 1031 3026 nescire
1040 2979 1204 3041 commoveri,

690 3046 796 3100 macella
805 3048 853 3101 sibi
870 3062 895 3101 et
912 3051 1094 3125 amphitheatra
1109 3059 1206 3112 eonsti-

689 3135 805 3188 tuerent,
825 3128 881 3181 ioea
900 3133 1033 3205 sauguinis
1052 3148 1077 3186 et
1096 3137 1204 3210 pubiicae

688 3202 832 3275 impietatis.
845 3227 859 3253 υ
887 3207 984 3262 Eadem
1003 3225 1098 3266 veteres
1116 3217 1205 3288 glossae

690 3283 859 3354 eorporieidas
873 3298 897 3339 et
907 3291 1073 3355 μακελλῖπιτας
1085 3293 1177 3348 dixere.

725 3359 908 3424 4.Fomilr'11m.
918 3365 1059 3420 Numerum
1074 3391 1202 3427 servorum

692 3437 728 3491 sic
747 3440 939 3512 appeliitavere‘,
954 3447 1007 3500 sive
1024 3451 1092 3519 quod
1114 3453 1204 3508 domus

692 3515 778 3588 aliquo
798 3521 876 3573 modo
896 3543 953 3595 pars
974 3525 1042 3591 sint,
1061 3528 1114 3582 sive
1134 3533 1203 3602 quod

692 3615 753 3670 puer
766 3597 873 3663 Latine,
888 3600 976 3656 Grteee
989 3614 1045 3667 παῖς
1057 3626 1156 3662 servum
1169 3612 1203 3664 si-

692 3674 868 3751 gnifieet.1pse
879 3679 969 3735 Cicero
979 3703 1066 3738 voeem
1077 3686 1202 3756 definivit,

693 3773 738 3822 pro
751 3754 838 3810 emit
849 3777 902 3832 cap.
915 3762 946 3813 55
960 3779 966 3811 ε
981 3785 995 3809 κ
1010 3764 1126 3819 Familite
1147 3789 1203 3842 queo

694 3845 809 3885 constant
818 3855 847 3888 ex
855 3837 934 3890 servis
945 3837 1087 3911 pluribus.»

726 3913 750 3964 5.
764 3913 881 3968 Multum
884 3951 926 3968 .....
938 3923 1085 3984 negotiatio.
1103 3923 1143 3976 Ci.
1157 3927 1201 3989 11.

695 3987 722 4039 31
734 4027 742 4050 ,
760 4009 783 4040 2.
800 3991 945 4064 Negotiatio
957 3993 983 4046 h.
995 3995 1012 4047 1.
1024 4010 1060 4049 est
1073 4020 1204 4055 eommcrv

691 4066 779 4132 eiuro,
803 4083 949 4125 mercatura.
967 4073 1034 4128 Gaii.
1052 4071 1206 4133 verteremus

694 4147 787 4218 optime
801 4166 807 4199 :
820 4171 833 4196 u
846 4151 876 4204 Ji
885 4169 906 4219 y
918 4174 936 4203 u
952 4156 1003 4206 Ioin
1020 4160 1084 4209 d'uu
1098 4160 1209 4230 bimsm't
1266 4216 1270 4224 ,

694 4229 712 4279 ts
724 4245 773 4278 une
785 4228 974 4294 spe'ctrlatiom'u
1008 4245 1011 4252 '
