2894 4936
204 325 208 339 '
286 363 351 431 632
629 359 695 426 on
718 357 1019 429 economus

232 495 235 502 ’
286 506 402 572 noster
418 491 602 558 animosius
622 517 630 556 :
651 514 756 584 quum
774 492 911 584 quidam
931 491 1028 561 illum
1046 492 1296 573 consolaretur,
1322 507 1356 559 et

286 603 416 676 diceret
444 603 570 672 instare
588 625 683 671 srma
699 604 811 674 civilia
825 610 849 688 ¹,
874 605 971 674 brevi
993 606 1164 687 futurum,
1184 620 1224 673 ut
1239 628 1358 674 omnes

249 749 263 780 2
287 720 415 788 exsules
434 736 711 789 reverterentur:
732 703 829 813 Quid
844 721 928 805 tibi,
948 723 1082 814 inquit,
1103 722 1181 790 mali
1207 721 1273 790 leci
1289 771 1299 803 ‚
1318 737 1356 788 ut

286 836 370 904 mihi
391 837 540 931 pejorem
556 837 722 920 reditum,
738 862 838 930 quam
852 839 981 908 exitum
1000 841 1159 934 optares?
1173 837 1293 924 Malo,
1320 857 1356 906 nt

285 955 395 1046 patria
411 953 526 1022 exsilio
543 978 617 1022 meo
635 954 830 1036 erubescat,
849 979 950 1047 quam
969 955 1083 1025 reditu
1107 971 1260 1024 moereat.
1281 957 1353 1022 Non

286 1083 337 1136 est
361 1067 452 1136 istud
470 1070 645 1154 exsilium,
665 1069 762 1162 cujus
778 1069 947 1137 neminem
964 1093 1034 1137 non
1044 1070 1171 1163 magis,
1185 1093 1290 1161 quam
1305 1069 1358 1136 da-

285 1199 438 1253 mnatum
454 1186 571 1277 pudet.
590 1181 881 1276 Quemadmodum
892 1183 943 1250 illi
954 1199 1175 1252 servaverunt
1187 1183 1356 1251 bonorum

285 1299 412 1366 civium
430 1297 604 1380 officium,
629 1299 687 1390 qui
707 1295 806 1364 reddi
830 1297 896 1364 sibi
916 1311 1057 1390 penates
1076 1321 1154 1366 suos
1173 1295 1357 1364 noluerunt

286 1412 383 1482 clade
396 1416 586 1496 communi,
602 1414 683 1506 quia
697 1414 800 1482 satius
810 1428 882 1482 erat
891 1412 996 1481 duos²
1011 1415 1129 1506 iniquo
1143 1413 1233 1481 mulo
1242 1413 1354 1494 allici,

247 1550 264 1602 3
287 1552 388 1621 quam
406 1553 521 1598 omnes
537 1520 692 1622 publico³
712 1555 720 1595 ε
740 1529 787 1596 ita
803 1552 873 1596 non
894 1544 1006 1597 servat
1029 1529 1118 1622 grati
1136 1528 1290 1598 hominis
1307 1529 1357 1596 al·

287 1648 433 1730 fectum,
449 1648 508 1738 qui
525 1645 614 1714 bene
629 1645 672 1714 de
687 1669 723 1714 se
741 1661 925 1714 merentem
939 1643 1197 1713 difficultatibus
1209 1646 1286 1716 vult
1297 1671 1357 1740 op-

287 1753 424 1854 primi⁴,
445 1782 529 1850 quas
545 1760 619 1852 ipse
634 1757 847 1845 submoveat3
869 1760 927 1849 qui
952 1758 1082 1826 etiamsi
1103 1759 1192 1826 bene
1209 1761 1357 1852 cogitat,

287 1875 375 1944 male
387 1890 560 1968 precatur.
577 1877 627 1944 Ne
641 1877 677 1942 in
691 1874 915 1967 patrocinium
928 1857 1064 1965 quidem
1078 1924 1087 1957 ,
1100 1873 1229 1942 nedum
1239 1877 1276 1943 in
1290 1875 1359 1968 glo·

286 1991 373 2058 riam
393 2005 467 2073 est,
489 1989 684 2068 incendium
703 1989 919 2073 exstinxisse,
940 1988 1033 2080 quod
1052 1990 1185 2058 leceris.

334 2108 535 2176 XXXVHI.
563 2105 603 2175 ln
624 2105 826 2197 quibusdam
851 2103 1046 2174 civitatibus‘
1067 2105 1211 2197 impium
1239 2121 1356 2174 votnm

290 2220 428 2291 sceleris
445 2222 554 2290 ricem
574 2223 695 2290 tenuit.
712 2214 899 2291 Demades⁵
916 2235 1008 2290 certe
1024 2219 1190 2306 Athenis,
1208 2246 1288 2290 eum
1302 2223 1358 2315 qui

271 2339 480 2406 'neccssaria
495 2338 672 2406 funeribus
685 2329 915 2421 venditabat⁶,
940 2337 1128 2422 damnavit,
1150 2361 1257 2430 quum
1277 2364 1360 2434 pro-

325 2576 348 2608 ι.
364 2556 469 2608 Instare
480 2576 559 2610 armo
570 2559 656 2611 civilia
670 2557 735 2609 inter
743 2557 801 2610 Mn·
849 2568 917 2608 etum
930 2556 1000 2609 verbi
1016 2554 1179 2622 substantivi,
1192 2556 1306 2630 legitque
1316 2576 1323 2610 :
1334 2563 1359 2610 in

294 2633 361 2684 rium
374 2645 399 2685 et
411 2633 517 2686 Sullam.
847 2633 1047 2703 difficultatibus
1066 2637 1131 2686 vult.
1155 2635 1208 2688 Sed
1227 2635 1322 2688 durum
1334 2637 1358 2689 id
1424 2639 1425 2696 l

324 2730 348 2762 a.
363 2710 436 2781 Quia
447 2715 533 2766 satius
547 2721 603 2764 erat
614 2715 722 2765 duosse.
736 2712 800 2766 cal-
848 2711 989 2782 stseqnivis
998 2711 1195 2782 ridetetquteso
1203 2713 1295 2784 quidni
1304 2715 1359 2767 etin

290 2787 417 2840 listrttum
440 2800 464 2840 et
479 2786 612 2842 Rutilium.
633 2789 732 2842 Similis
750 2790 818 2843 alia·
847 2790 1359 2865 cod.Nss.scribeudo,tocordinquadam
1424 2825 1425 2832 .

291 2865 369 2916 refert
375 2865 461 2918 aner.
472 2867 538 2918 Max.
546 2867 580 2931 V,
592 2866 615 2920 3.
624 2866 691 2919 Plut.
701 2867 732 2922 de
739 2867 799 2921 exti-
847 2863 980 2921 librarium
994 2867 1091 2921 bonum
1102 2869 1258 2941 quandoque
1269 2873 1360 2926 subre-

292 2941 346 3006 lio,
362 2954 407 2996 ete.
583 2955 584 2958 ’
848 2959 936 3020 pente,
950 2946 1015 2999 illud
1025 2951 1139 3016 opprimi
1154 2948 1222 3000 elabi
1235 2950 1350 3022 poterat?

326 3021 350 3073 3.
367 3021 440 3093 Quin
456 3025 541 3074 satius
558 3035 615 3076 erut
626 3025 691 3076 duos
711 3027 800 3096 iniquo
881 3023 1358 3098 xxxvt11.Auo.1mpinunsutis
1424 3029 1425 3072 Ϊ

293 3101 366 3152 malo
385 3099 458 3169 affici
477 3119 558 3171 quam
580 3120 669 3154 omnes
686 3103 799 3168 publico.
850 3112 977 3171 gratorum
991 3099 1180 3153 rotasseeleris
1194 3102 1262 3154 adeo
1281 3104 1357 3156 tieem

293 3178 371 3230 liecte
393 3197 407 3229 e
426 3177 499 3231 codd.
517 3178 640 3232 ‘omnibus
663 3178 802 3232 vindicavit
849 3189 936 3230 tenent
947 3177 975 3229 iu
987 3177 1138 3247 quibusdem
1152 3179 1309 3233 civitatibus

294 3253 376 3306 Grau.
388 3267 474 3308 contra
486 3255 801 3330 emendatores,quirepo-
884 3257 905 3308 5.
917 3253 1068 3321 Demades,
1079 3267 1165 3307 orator
1176 3255 1357 3322 Atheniensis,

295 3345 358 3388 uere'
372 3335 484 3388 maluere
498 3335 542 3388 elii
553 3339 667 3399 sontico,
684 3335 728 3389 alii
745 3340 802 3388 im'-
850 3331 986 3384 Phocionis
998 3351 1115 3396 conum,
1131 3345 1249 3386 mortuns
1268 3349 1305 3388 est
1320 3335 1359 3387 0l.

294 3433 360 3484 que,
380 3425 428 3468 etc.
448 3415 529 3468 Unico
540 3414 663 3466 invaserat
680 3415 800 3485 vulgatas.
854 3414 915 3479 115,
931 3432 953 3463 a.
968 3411 1008 3464 Cf.
1020 3412 1051 3464 de
1064 3432 1094 3464 eo
1112 3411 1217 3466 Ruhnk.
1228 3413 1245 3465 l.
1255 3414 1307 3486 lp
1318 3419 1360 3467 tio

249 3549 254 3560 ι
296 3493 338 3542 An
350 3493 468 3560 iniquum
478 3493 598 3554 malum,
611 3491 646 3543 ait
657 3491 746 3557 Gran,
756 3491 802 3543 mi·
851 3509 889 3560 sq.
905 3489 995 3541 Simile
1018 3509 1153 3543 romanum
1171 3504 1259 3544 narrat
1278 3492 1359 3546 Valet.
1424 3527 1425 3554 ff

296 3587 343 3622 nus
365 3569 430 3623 bene
451 3570 559 3635 dicitur,
581 3590 656 3640 quam
675 3591 802 3641 magnum
851 3569 1267 3635 Max.vttt,1.Suetou.Tih.2.

296 3651 407 3711 mnam,
416 3651 536 3702 meritum
546 3651 657 3713 matum,
667 3659 802 3700 maturum
883 3646 908 3701 6.
923 3649 980 3721 Qui
997 3652 1139 3702 necessaria
1142 3650 1288 3721 funeribus
1300 3669 1359 3702 eert-

297 3729 425 3781 malum?
467 3769 473 3784 ,
852 3728 971 3792 ditabat,
985 3727 997 3778 ὃ
1013 3729 1206 3794 lttnptosnnilne,
1220 3728 1359 3799 quitatis

231 3851 233 3858 ,
330 3807 491 3876 4.ομρνίηιί
503 3825 556 3860 non
572 3805 803 3880 comparetincod.
855 3805 1359 3873 (nlepdsee,msle;)adlunernnot-
1424 3827 1425 3836 ¹

298 3883 359 3936 Nn.
369 3883 429 3951 ,ted
438 3883 522 3936 abesse
533 3883 574 3937 rix
584 3883 648 3936 bene
657 3895 736 3954 potest
746 3905 753 3948 ;
762 3903 806 3936 ex-
853 3885 905 3960 pite
916 3885 948 3938 td
960 3885 1034 3958 pedes
1050 3885 1200 3948 vincienda,
1213 3897 1358 3958 unguenta,

298 3962 805 4033 stetquoqueinsliismss.:Grontnnten
854 3985 979 4030 coronas,
997 3978 1065 4032 eto,
1089 3965 1242 4019 venditabat.
1271 3964 1359 4017 Conle-

298 4039 430 4094 alibrsriit
440 4060 492 4094 etse
500 4042 636 4115 proleetsm
645 4041 710 4094 hane
719 4061 805 4095 vocem
854 4057 941 4097 rantur
955 4043 1078 4098 Brunehii
1099 4043 1212 4098 Analeet.
1233 4043 1282 4096 To.
1301 4043 1358 4104 Ill,

298 4119 436 4172 contendit.
448 4120 563 4188 Dicintr,
577 4121 630 4188 ait,
648 4139 692 4194 per
709 4120 807 4174 intelle-
854 4119 946 4194 μῦς,
954 4142 993 4174 nr.
1003 4121 1043 4195 98
1057 4121 1170 4176 Fortasse
1181 4133 1206 4174 et
1215 4119 1271 4176 huo
1283 4119 1360 4174 liets-
1424 4097 1425 4156 l
