2966 4948
504 469 801 544 Puffirarro.
1126 483 1191 573 309

122 586 214 668 hujus
227 587 286 650 loci
300 587 329 648 in
344 584 463 650 Officiis
476 591 662 654 mentionem
676 594 781 656 secisse
793 607 898 656 notura
909 609 972 668 est,
986 597 1189 680 exposuisset:

126 714 300 774 quanquam
317 699 458 760 transitus
470 703 509 762 ad
522 701 600 761 hanc
613 702 775 762 materiam
788 701 930 786 singulari
944 701 1023 764 libro
1038 705 1194 787 explican-

123 795 196 854 dam
212 815 250 856 eo
264 796 383 859 facilior
400 801 496 862 videri
511 801 632 877 debuit,
657 823 749 883 quum
772 823 832 864 non
858 802 1040 881 defuissent,
1061 807 1112 886 qui
1128 807 1193 868 sin-

123 899 212 982 gulos
234 904 273 964 ad
290 903 514 989 philosophiam
538 877 704 990 spectahtes
717 906 802 969 locos
814 953 823 982 ,
835 928 858 969 .a
874 907 1098 973 characteribus
1115 913 1193 974 inci-

124 1009 258 1090 piendo,
287 1025 317 1072 et
341 1011 383 1074 sic
407 1015 649 1096 progrediendo,
679 1012 896 1087 Aristotelem,
921 1015 1187 1101 Theophrastum,

125 1113 271 1180 Comicus
296 1121 472 1183 recentioris
495 1119 678 1196 Comoediae,
707 1121 931 1200 Menandrum,
955 1122 1190 1204 Philemonem,

123 1215 287 1301 Diphilum
318 1221 451 1304 aliosque
480 1222 644 1300 imitando,
671 1227 862 1306 exponendos
883 1225 1053 1288 sumserint.
1076 1225 1192 1290 Idcirco

123 1325 213 1386 multi
228 1327 353 1390 subinde
371 1328 441 1391 libri
457 1331 616 1414 compositi
631 1345 698 1394 sunt
713 1352 730 1392 a
743 1333 933 1416 philosophis
949 1333 1121 1415 quibusvis,
1141 1335 1193 1415 qui

124 1437 163 1496 de
187 1437 366 1514 virtutibus,
391 1441 428 1500 de
445 1439 619 1514 nobilitate,
641 1443 678 1504 dc
693 1443 774 1504 lama
789 1489 797 1518 ,
814 1443 945 1505 debona
964 1444 1086 1514 indole.
1109 1457 1164 1506 etc.
1181 1491 1189 1521 ,

123 1559 274 1630 agerent:
292 1568 367 1628 quos
384 1561 486 1611 tamen
503 1569 608 1612 omnes
624 1551 655 1610 in
670 1551 830 1633 deperditis
847 1573 933 1625 esse,
955 1572 1011 1614 nec
1030 1553 1192 1632 quidquam

124 1654 185 1716 uisi
199 1655 301 1716 titrrlos
314 1656 404 1717 nobis
413 1655 576 1718 innotuisse
590 1669 716 1718 constat.
730 1653 778 1719 Ct
790 1654 924 1719 Fabricii
936 1655 1082 1718 Biblioth.
1092 1655 1192 1720 Grec.

123 1763 200 1826 vol.
216 1763 280 1842 lll,
303 1768 349 1827 ed.
364 1763 508 1828 Harlesii.
522 1765 556 1828 ln
571 1766 619 1828 bis
634 1787 752 1848 quoque
771 1781 967 1828 numerantur
990 1765 1194 1850 Theophrasti

125 1889 157 1938 et
172 1873 331 1939 Cleanthis
350 1876 420 1938 libri
432 1878 469 1937 de
487 1874 595 1938 Gratia
608 1880 681 1962 (περὶ
692 1878 814 1960 χάριτος)
827 1879 905 1960 apud
916 1875 1007 1960 Diog.
1023 1875 1124 1939 Laert.
1138 1877 1190 1954 V,
1284 1912 1285 1922 κ

125 1985 180 2062 48.
195 1983 281 2060 Vll,
298 1985 355 2070 175
370 2011 378 2056 ;
392 1986 444 2067 qui
457 1999 558 2047 tamen
573 1987 645 2067 quid
656 1986 877 2059 continuerint,
893 2007 931 2046 ne
946 1985 1115 2070 fragmento
1126 1988 1196 2068 qui-

125 2097 199 2158 denr
212 2096 301 2158 unico
316 2118 352 2157 ex
365 2095 423 2165 iis,
440 2097 519 2176 quod
533 2097 625 2158 sciam
638 2140 647 2170 ,
662 2095 751 2157 nobis
764 2109 897 2170 servato,
918 2097 997 2178 juxta
1014 2119 1084 2159 curu
1104 2099 1194 2182 igno-

126 2207 308 2294 rantissimis
321 2208 503 2289 ignoramus.

169 2311 242 2394 Quo
256 2310 367 2374 certior
380 2312 479 2393 itaque
493 2325 524 2372 et
535 2311 723 2374 manifestior
732 2314 875 2374 sententia
890 2313 952 2375 baec
963 2327 1028 2390 est,
1045 2312 1193 2378 Senecam

128 2441 199 2481 cum
213 2441 317 2482 senem
330 2431 393 2480 tum
406 2417 539 2502 primum
551 2421 588 2481 de
602 2419 755 2480 beneficiis
766 2419 909 2502 singulari
918 2419 998 2480 libro
1012 2423 1194 2503 exponendis

128 2539 286 2588 auctorem
301 2525 332 2586 in
357 2524 542 2606 Antiquitate
564 2525 673 2600 fuisse,
692 2523 750 2585 hoe
773 2523 930 2586 obscurior
952 2537 998 2586 est
1018 2527 1139 2606 qrraestio
1158 2527 1195 2588 de

130 2633 246 2694 AElutio
268 2631 414 2704 Liberali,
438 2631 486 2694 cui
509 2630 565 2692 hos
578 2643 693 2713 septem
709 2632 747 2692 dc
762 2629 916 2691 beneficiis
928 2629 1022 2691 libros
1039 2631 1196 2714 inscripse-

125 2739 169 2799 rit
185 2762 192 2798 :
208 2759 280 2800 nam
296 2740 445 2801 Ebur-triam
460 2751 511 2800 aut
526 2738 681 2798 Eusebium
696 2737 891 2798 librariorum
904 2737 1093 2800 indoctorum
1104 2738 1197 2800 aber-

126 2849 263 2911 rationes
274 2871 339 2912 esse
353 2849 493 2929 cuiquam
503 2859 595 2929 patet.
604 2842 707 2907 Prima
717 2848 780 2929 ejus
788 2845 903 2908 mentio
914 2847 1043 2910 occurrit
1055 2847 1087 2908 in
1097 2845 1195 2931 Epist.

127 2975 203 3030 xer,
223 2979 233 3016 r
249 3004 258 3036 ,
274 2958 431 3022 occasione
445 2955 626 3018 narrationis
642 2957 679 3016 de
693 2951 830 3039 Lugduni
844 2955 963 3025 interitu
979 2979 987 3016 ε
1008 2979 1043 3018 ex
1055 2977 1115 3037 quo
1126 2955 1195 3019 loco

126 3066 220 3128 luisse
231 3061 463 3147 Lugdunensem
471 3075 553 3125 rect-e
562 3059 739 3143 colligimus.
759 3057 859 3124 Locus
869 3076 914 3124 est
923 3051 1006 3125 hicce
1024 3059 1197 3124 :Liberalis

126 3191 231 3240 noster
245 3195 323 3237 nuuc
338 3172 430 3235 tristis
447 3185 511 3248 est,
530 3171 664 3232 nuntiato
678 3171 837 3242 incendio,
853 3193 913 3252 quo
927 3168 1134 3255 Lugdunensis
1146 3193 1196 3235 co-

127 3285 212 3346 lonia
221 3297 322 3346 exusta
337 3296 391 3344 est
404 3279 533 3342 Morere
548 3281 598 3344 hic
608 3300 694 3342 casus
702 3280 868 3362 quemlihet
882 3295 983 3364 posset
995 3328 1003 3356 ,
1016 3283 1127 3343 nedum
1135 3281 1197 3343 ho-

127 3393 246 3456 minem
271 3392 374 3476 patriae
397 3413 456 3453 sarar
478 3389 725 3452 amantissimum.
750 3386 798 3452 Cl.
820 3385 918 3471 Epist.
943 3387 1056 3471 laud.§
1081 3387 1120 3466 3,
1150 3391 1196 3452 13.

127 3501 256 3564 Amicus
265 3501 364 3582 itaque
378 3500 427 3562 hic
437 3499 531 3560 homo
542 3497 799 3581 praestantissimus
812 3495 868 3556 suit
881 3511 911 3558 et
924 3495 1045 3560 Senecae
1057 3501 1199 3561 amantis-

128 3613 239 3689 simus,
249 3611 387 3691 idemque
396 3608 568 3672 ditissimus.
576 3605 713 3669 Hocnou
722 3605 894 3688 solumipse
902 3604 953 3666 illa
961 3606 1030 3667 libri
1043 3608 1197 3690 inscriptio

128 3743 187 3784 nos
203 3724 311 3796 docet,
332 3719 398 3802 quis
414 3719 496 3781 enirn
516 3717 628 3779 librum
652 3715 720 3777 talis
744 3715 912 3798 argumenti
932 3714 998 3776 viro
1012 3715 1136 3798 ignobili
1148 3731 1200 3778 aut

128 3831 273 3915 improbo
283 3829 446 3892 inscribat?
458 3830 511 3890 sed
520 3828 585 3912 ipsa
599 3827 738 3888 liberalis
752 3823 865 3885 mentio
876 3822 1196 3904 honorificentissima,

128 3963 196 4024 quse
210 3938 348 4024 inprimis
363 3935 431 4000 Lib.
444 3937 498 4014 V,
518 3961 554 4015 1,
572 3960 589 3998 a
604 3959 668 4018 sqq.
684 3949 798 4006 exstat,
813 3934 930 3997 clarum
948 3935 1198 4017 manifestumque

128 4049 239 4112 reddit.
253 4049 329 4111 Jam
344 4069 417 4110 vero
430 4048 485 4110 etsi
500 4047 562 4110 haec
575 4045 663 4108 uobis
678 4045 754 4108 scire
765 4043 902 4106 sulficere
917 4044 1084 4120 videantur,
1096 4059 1198 4108 tamen

126 4159 219 4244 plura
234 4161 270 4220 de
283 4159 350 4219 viro
365 4171 428 4219 tam
442 4157 564 4240 egregio
575 4169 730 4238 comperta
741 4153 855 4216 habere
866 4173 998 4214 avemus.
1010 4151 1071 4216 Sed
1084 4155 1133 4216 rel
1146 4177 1199 4216 ac-

128 4267 318 4330 curatissimc
328 4279 510 4349 quaerentem
521 4261 1196 4346 Antiquitatismonumentanobisconservata
