2966 4948
499 432 673 535 cirus
696 465 857 534 xxnr.
1139 474 1204 540 ,οε
1244 533 1247 544 .

130 617 328 700 possumus¹
347 621 464 674 :stant
482 605 568 676 dura
588 624 623 677 et
638 607 862 676 inexorabilia
877 637 886 693 3
899 631 999 676 nemo
1017 608 1077 677 illa
1093 613 1206 680 convi-

131 725 206 805 cio,
220 747 321 792 nemo
334 724 436 807 fletu,
452 747 552 793 nemo
566 731 691 794 oausa²
707 742 838 795 movet:
856 725 944 794 nihil
960 751 1111 819 unquam
1126 752 1206 823 per·

131 837 309 920 contudi,
323 861 388 906 nee
401 840 589 906 remittunt.
599 837 747 912 Proinde
755 863 932 933 parcamus
945 840 1102 934 lacrymis
1115 843 1204 911 nihil

131 953 405 1049 proficientibus,
420 955 551 1025 facilins
574 957 665 1024 enim
682 977 747 1026 nos
767 951 839 1024 illi⁵
859 955 956 1026 dolor
969 959 1032 1028 iste
1043 958 1199 1052 adjiciet,

131 1097 236 1163 quam
251 1070 347 1139 illum
365 1071 464 1139 nobis
484 1070 626 1140 reducet
636 1063 664 1139 ⁴.
681 1071 753 1164 Qui
767 1073 795 1140 si
810 1096 871 1140 nos
885 1089 1043 1166 torquet,
1061 1099 1133 1143 non
1147 1073 1204 1144 ad·

127 1187 250 1279 juva13
265 1187 377 1279 primo
391 1209 528 1279 quoque
538 1203 693 1280 tempore
709 1184 933 1281 deponendus
943 1205 1016 1273 eet,
1030 1205 1065 1258 et
1074 1190 1121 1260 eb
1130 1191 1205 1258 ina-

130 1301 236 1369 nibus
260 1300 410 1384 solatiis,
438 1316 539 1393 atque
566 1293 680 1370 amara
703 1301 849 1394 quadam
873 1302 1018 1373 libidine
1040 1303 1178 1375 dolendi
1191 1357 1207 1388 ,

130 1419 267 1486 unimus
279 1415 508 1510 reeipiendus.
522 1420 606 1486 Nam
621 1417 780 1511 lacrymis
793 1421 937 1504 nostris,
952 1423 990 1489 ni
1003 1424 1090 1491 ratio
1102 1423 1204 1491 finem

132 1535 273 1618 lecerit,
296 1535 432 1602 fortuna
448 1558 516 1602 non
531 1535 643 1603 faciet.
662 1533 790 1603 Omnes
803 1534 950 1629 agedum
968 1538 1126 1607 mortales
1140 1540 1206 1607 oir-

131 1649 324 1742 oumspioe:
339 1648 434 1741 larga
447 1646 576 1740 ubique
590 1647 696 1715 flendi
708 1699 718 1731 ‚
731 1662 766 1716 et
777 1647 913 1718 assidua
925 1643 1078 1722 materis.
1091 1651 1204 1720 Alium

130 1763 176 1832 ad
190 1763 426 1856 quotidianum
445 1787 530 1857 opus
546 1763 713 1832 laboriosa
734 1781 865 1858 egestas
883 1784 1002 1854 voont3
1018 1768 1121 1837 alium
1138 1793 1205 1836 am·

132 1881 218 1948 bitio
232 1903 407 1971 nunquam
421 1881 537 1972 quieta
550 1879 727 1964 sollicitam
746 1880 832 1948 alius
843 1879 992 1968 divitias,
1009 1909 1094 1976 quss
1106 1899 1203 1979 opta-

129 2012 248 2077 verat,
272 1997 412 2093 metuit,
439 2011 473 2062 et
497 2009 574 2098 volto
594 1992 726 2063 laborat
746 2020 806 2064 suo
822 1989 834 2032 ⁵
845 2024 856 2081 ς
872 1996 976 2067 alium
995 1997 1201 2083 sollicitudo,

131 2109 239 2178 alium
255 2109 352 2178 labor
370 2123 529 2200 torquet,
549 2108 652 2177 alium
673 2133 808 2203 semper
821 2113 1025 2183 vestibulum
1045 2113 1205 2184 obsidens

129 2226 234 2294 turba
247 2217 282 2312 ⁶3
302 2227 359 2294 hio
373 2223 501 2295 habere
519 2250 556 2294 se
574 2224 667 2294 dolet
682 2225 830 2309 liberos,
846 2227 905 2296 hio
921 2228 1126 2319 perdidisse.
1145 2233 1206 2299 Le·

129 2499 154 2537 el
171 2485 271 2538 lletilms
285 2485 329 2555 qai
341 2484 412 2538 denti
429 2503 531 2558 prorsus
542 2481 645 2536 inutiles
695 2505 771 2556 quam
788 2503 839 2559 pru
856 2487 945 2541 dolore
960 2489 1045 2554 mori,
1059 2511 1097 2544 res
1109 2492 1205 2545 edmo-

132 2577 211 2630 sunt;
231 2565 351 2638 jubetque
375 2577 477 2618 saluos
498 2561 645 2616 mortalium
696 2563 757 2617 dam
768 2579 886 2627 remeet,
899 2567 1206 2642 etlorssnprorsusinsu·

129 2641 315 2716 contempletur
329 2661 439 2712 qnorum
456 2641 522 2694 nulli
537 2661 591 2694 non
609 2653 645 2693 est
696 2641 757 2693 dita.
765 2643 798 2694 ns
805 2642 831 2695 id
839 2642 922 2714 ipsum
930 2644 983 2696 vim
990 2644 1205 2700 additsententise:

128 2741 206 2774 eausa
217 2741 263 2774 eur
277 2719 362 2773 dolent
374 2731 524 2792 perpetuum
537 2730 562 2770 et
572 2717 600 2769 in
609 2717 646 2770 le·
696 2719 834 2790 Nunquam
842 2759 851 2783 ,
868 2722 919 2786 sit,
936 2741 988 2796 pru
1005 2722 1092 2776 dolore
1113 2723 1205 2795 aliquis

128 2817 230 2871 erymss
248 2809 382 2867 erumpat:
398 2815 458 2850 moa
479 2797 509 2848 sd
527 2794 642 2856 moeroris
694 2798 802 2850 morimr
812 2819 819 2861 3
829 2798 873 2852 sed
883 2799 967 2873 polius
982 2799 1047 2852 hane
1058 2800 1201 2854 obsonum

127 2878 281 2930 inanitatem
293 2875 373 2938 redit,
386 2874 524 2928 etinutiles
534 2873 643 2947 gemitus
693 2875 764 2928 mille
787 2874 904 2929 homines
927 2889 1101 2941 morerentur,
1127 2899 1204 2950 qnam

129 2955 207 3008 ffism
222 2954 246 3006 ei
259 2973 312 3007 esse
322 2953 385 3006 dieis
393 2953 499 3024 eujusiu
509 2953 589 3005 letum
599 2952 642 3005 in·
693 2973 759 3005 unas
772 2953 941 3006 revivisceret.

130 3031 303 3106 gemiscimus.
728 3033 1205 3106 5.*Votolabomlsum'l'orqnstarem

167 3130 187 3162 ι.
213 3107 321 3161 Mutare
339 3110 388 3161 lats
416 3127 468 3160 non
493 3125 643 3177 possumus.
693 3109 1031 3181 quodopleversth'pss'us.

129 3187 336 3242 flecis-inem·
345 3185 446 3260 Lipsius
458 3185 643 3258 sdjeeitexsuo
727 3185 751 3238 6.
771 3189 938 3256 Vestibulum
960 3207 1062 3260 semper
1085 3192 1204 3246 obsidem

128 3265 208 3318 libro.
694 3263 779 3314 lurda.
789 3264 820 3314 ln
831 3263 962 3317 vestibulis
972 3265 1041 3318 enim
1053 3279 1076 3321 et
1084 3268 1148 3322 strio
1155 3283 1204 3322 sls-

163 3360 187 3393 π.
209 3341 308 3394 Causa.
329 3341 481 3396 causamn
502 3343 544 3395 hie
563 3341 643 3395 oratio
693 3340 863 3394 bstomnihus
871 3341 960 3394 diebus
973 3343 1104 3398 clientium
1114 3346 1203 3399 multi-

128 3419 267 3481 esusidiei,
285 3420 331 3472 ssd
348 3419 412 3492 jusu
426 3421 506 3483 ratio,
518 3418 618 3494 ¹gallice
637 3436 643 3471 ε
694 3421 755 3474 tudo
769 3419 813 3490 qai
823 3431 955 3494 patronum
970 3421 1117 3486 salutaturi,
1129 3443 1204 3497 rogn-

128 3501 176 3550 des
191 3498 294 3569 melfi,
313 3500 346 3550 de
357 3499 453 3550 baanes
464 3501 575 3551 misens.
586 3497 645 3548 Ns·
693 3497 756 3563 turi,
770 3496 902 3550 deducturi
914 3498 1058 3552 affluebant.
1071 3503 1126 3574 lpse
1138 3502 1203 3554 Nos·

128 3575 198 3627 mini
210 3595 263 3626 aon
275 3576 384 3628 occurrit
394 3574 448 3628 lues
460 3574 569 3647 legendo
581 3575 644 3628 Nos·
694 3575 872 3641 ter‚Gonsolal.
885 3573 918 3626 ad
931 3575 1011 3630 Mare.
1024 3579 1117 3650 esox,
1131 3579 1201 3632 init:

132 3651 207 3704 tretis
229 3651 363 3706 Mslherbe
386 3654 417 3706 de
438 3653 521 3706 Morte
538 3669 643 3722 versas}
695 3651 812 3726 iAmpls
823 3652 900 3718 stris,
912 3667 936 3707 et
948 3654 1106 3708 exclusorum
1121 3656 1202 3710 clion-

159 3780 254 3792 ,,,,,,,,
261 3783 278 3792 ,,
289 3755 492 3808 Onubmnprim
694 3733 757 3785 tium
774 3731 846 3785 turbs
864 3735 954 3786 relenta
972 3733 1093 3787 vestibula
1110 3755 1140 3796 »ς
1156 3735 1202 3788 ubi

155 3815 533 3866 {amensquuueessebouehelu
541 3816 620 3856 nette
694 3811 752 3864 aido
768 3823 822 3866 nol.
837 3813 891 3864 Nee
912 3824 997 3865 tamen
1017 3811 1101 3864 miuus
1122 3809 1201 3866 officii

278 3875 429 3916 nmo-him
437 3878 495 3918 “⁵²¹¹
692 3889 764 3941 istius
788 3888 828 3942 sui
846 3908 889 3942 eos
911 3909 1012 3961 quoque
1030 3889 1138 3943 tedebat
1155 3891 1200 3962 qui

163 3959 188 4012 3.
200 3959 256 4012 1111.
267 3959 328 4012 scil.
338 3971 447 4014 mortuo.
694 3963 812 4040 superbas
822 3968 887 4020 fores
897 3966 1080 4021 sdibsnttdudi
1090 3966 1199 4021 Mertisl.

165 4039 190 4104 4.
204 4037 368 4090 Facilius-„e
380 4039 488 4092 redeas.
500 4039 533 4091 ll.
543 4057 564 4093 e.
576 4038 645 4110 prius
690 4041 734 4096 lib.
754 4044 789 4102 X.
805 4063 858 4116 esp.
874 4043 922 4108 74,
940 4063 988 4096 vss.
1003 4065 1031 4108 ι,
1044 4062 1099 4116 sqq.
1116 4069 1130 4093 «
1141 4047 1200 4098 Jsm

129 4135 178 4166 nos
193 4115 239 4186 qui
252 4115 377 4181 vivimus,
394 4116 549 4179 moriemur,
565 4135 642 4188 quem
691 4140 765 4192 perce
786 4120 851 4173 lssso
869 4159 876 4186 ,
900 4122 982 4174 Roma
1002 4158 1010 4185 ,
1033 4123 1197 4195 petulanti,

127 4209 233 4249 mortuo
262 4197 340 4249 vitem
365 4196 523 4249 restituemus
543 4215 642 4269 :quan
693 4197 1198 4270 Lassoclientisquamdiusalutatorldn·
