2978 4942
300 475 367 562 524
631 475 701 544 DE
724 474 1033 546 BENEFICIIS

298 606 419 694 timus,
441 622 553 676 tamen
572 606 701 676 deseris
727 635 734 674 :
760 631 829 677 non
848 610 885 676 in
902 632 1019 677 omnes
1042 606 1143 677 datur
1160 611 1250 678 actio
1267 609 1362 680 dese-

297 739 430 812 rentes3
446 726 498 794 vis
517 725 625 818 major
644 739 781 794 excusat
792 736 816 792 ¹.

344 845 421 911 XL.
443 842 538 912 Idem
549 844 651 912 etiam
661 843 720 912 illa
733 845 770 912 in
783 843 970 935 quaestione
985 867 1183 938 responsum
1199 846 1359 928 existima,
1398 887 1401 892 ι

295 983 340 1028 an
357 959 551 1030 omnimodo
565 959 746 1030 referenda
763 963 808 1029 sit
823 963 951 1055 gratia,
968 975 1062 1030 etan
1079 960 1287 1031 beneficium
1300 965 1366 1048 utif

296 1100 364 1170 que
387 1075 600 1146 reddendum
628 1079 685 1146 sit.
715 1077 875 1146 Animum
898 1093 1060 1171 praestare
1079 1094 1212 1169 gratum
1229 1075 1361 1146 debeo:

296 1207 456 1261 ceterum
475 1191 659 1286 aliqnando
673 1217 727 1262 me
747 1193 877 1261 referre
900 1195 1043 1287 gratiam
1062 1218 1131 1262 non
1147 1194 1277 1288 patitur
1294 1216 1366 1260 meu

296 1307 496 1402 infelicitas,
526 1307 711 1403 aliquando
735 1308 880 1378 felicitas
903 1309 1000 1401 ejus,
1027 1311 1083 1378 cui
1108 1307 1252 1378 debeo’.
1274 1307 1366 1400 Quid

295 1425 387 1494 enim
405 1428 502 1520 regi,
526 1427 611 1520 quid
633 1450 764 1522 pauper
789 1424 887 1496 diviti
915 1425 1053 1495 reddam
1070 1420 1243 1520 ³?utique
1263 1451 1366 1520 quum

295 1542 434 1637 quidam
456 1546 611 1639 recipere
636 1545 865 1628 beneficium,
887 1544 1048 1636 injuriam
1058 1545 1234 1637 judicent,
1250 1559 1286 1612 et
1301 1543 1366 1611 be·-

295 1660 419 1728 nelicia
436 1659 582 1730 subinde
597 1660 673 1731 aliie
685 1660 864 1730 beneficiis
883 1676 1039 1729 onerent.
1057 1660 1154 1752 Quid
1170 1660 1317 1753 amplius
1332 1661 1366 1726 in
1406 1679 1410 1687 ’

295 1777 419 1846 borum
441 1800 622 1871 personam
644 1802 802 1872 possum,
827 1801 929 1870 quam
954 1778 1067 1846 velle?
1089 1802 1154 1846 nec
1173 1779 1266 1846 enim
1291 1777 1366 1845 ideo
1469 1839 1470 1844 ,

295 1891 503 1962 beneficium
527 1917 653 1964 novum
675 1896 820 1987 rejicere
845 1894 977 1977 debeo,
998 1895 1079 1986 quia
1102 1892 1256 1962 nondum
1274 1894 1368 1986 prius

296 2005 444 2077 reddidi.
469 2007 643 2104 Accipiam
661 2025 730 2078 torn
745 2010 905 2094 libenter,
925 2034 1026 2102 quam
1047 2008 1186 2077 dabitur
1202 2035 1210 2076 ι
1227 2024 1262 2075 et
1277 2031 1366 2101 prae·
1469 2093 1470 2110 ἵ

295 2123 386 2194 bebo
407 2148 460 2195 me
478 2127 588 2196 amico
614 2150 690 2196 meo
718 2124 916 2196 exercendae
941 2126 1103 2196 bonitatis
1128 2149 1196 2194 suae
1212 2148 1368 2218 capacem

298 2244 485 2312 materiam.
501 2243 574 2337 Qui
588 2268 676 2314 nova
690 2245 847 2340 occipere
861 2266 930 2311 non
944 2243 1035 2324 vult,
1056 2244 1205 2338 acceptis
1224 2239 1374 2310 offendi-
1469 2261 1470 2320 ζ

297 2375 366 2428 tur.
382 2361 459 2430 Non
476 2359 587 2429 refero
606 2361 750 2455 gratiam
771 2387 778 2428 :
796 2359 882 2453 quid
899 2359 943 2427 ad
963 2361 1061 2429 rem?
1078 2385 1148 2430 non
1165 2375 1217 2428 est
1236 2382 1301 2452 per
1317 2381 1368 2426 me
1469 2339 1470 2342 Ἴ

299 2499 416 2561 mora,
437 2480 466 2546 si
485 2495 544 2548 ant
561 2481 693 2548 oocasio
712 2478 797 2547 mibi
815 2477 929 2559 deest,
950 2494 1010 2546 aut
1025 2476 1179 2546 facultas.
1198 2477 1372 2570 Illepraes-

300 2591 369 2660 titit
386 2592 490 2675 mihi,
512 2617 635 2688 nempe
659 2617 765 2685 quum
789 2592 1000 2661 occasionem
1018 2591 1180 2672 haberet,
1200 2615 1307 2682 quum
1320 2589 1368 2658 fa-
1469 2567 1470 2618 1

335 2805 355 2840 t.
369 2789 422 2840 Vis
434 2794 521 2852 major
538 2797 657 2841 excusat.
669 2787 716 2840 Vir
728 2786 810 2856 maior
860 2785 931 2859 quod
944 2784 1081 2840 dabimus?
1096 2787 1173 2856 Quod
1185 2787 1253 2839 inira
1263 2785 1367 2850 dicitnr,

299 2863 383 2935 (force
391 2867 524 2930 maleam)
538 2864 601 2937 parit
620 2865 808 2940 coreptionem,
860 2885 918 2940 pag.
930 2869 994 2935 525,
1009 2867 1041 2919 ad
1058 2887 1111 2940 cap.
1123 2864 1170 2918 fin.
1181 2882 1188 2918 ε
1200 2888 1214 2913 κ
1226 2865 1369 2937 Aliquando

300 2941 437 3010 quominus
450 2943 505 3014 quis
529 2963 555 2996 se
576 2942 670 3016 judicio
690 2945 811 3017 promissa
862 2960 886 3000 et
901 2947 1069 3001 nonrcddam
1081 2944 1252 3012 beneficium,
1265 2959 1338 2999 etc.»

300 3031 439 3089 statutaque
453 3021 493 3072 die
503 3021 572 3072 sistat
582 3038 589 3072 ι
599 3021 812 3093 hujusmodisnnt
893 3026 917 3078 3.
933 3025 1010 3097 Quid
1026 3027 1096 3078 enim
1111 3026 1179 3093 regi,
1198 3025 1266 3094 quid
1272 3042 1371 3091 pauper

302 3097 447 3164 grandiores
461 3097 539 3162 labes,
552 3111 714 3172 tempestates,
728 3101 812 3153 inrcn·
861 3103 934 3154 distri·
944 3101 1077 3154 reddam?
1089 3100 1185 3153 Mureti
1200 3099 1256 3152 baeo
1268 3099 1371 3170 conjec-

302 3172 360 3237 dia,
374 3186 446 3228 terrae
463 3188 561 3238 motus,
576 3176 614 3228 vis
629 3197 766 3247 aquarum,
788 3192 812 3229 et
862 3191 915 3231 tura
927 3190 971 3244 est,
983 3198 1061 3248 quam
1072 3178 1168 3231 caeteris
1178 3178 1294 3250 prtelero.
1304 3177 1373 3228 Nam

302 3251 353 3303 clia
364 3251 390 3304 id
402 3272 496 3324 genus,
512 3273 570 3325 quae
580 3254 692 3308 humano
705 3255 812 3307 consilio
863 3275 950 3308 ornnes
965 3255 1042 3308 codd.
1054 3267 1078 3307 et
1087 3267 1182 3308 cetere
1194 3253 1252 3306 cdd.
1264 3251 1371 3306 babent:

302 3329 431 3402 provideri
443 3350 496 3384 non
504 3345 608 3403 queunt.
867 3333 943 3403 Quid
949 3337 1018 3386 enim
1028 3337 1081 3403 regi
1087 3371 1094 3398 ‚
1102 3334 1169 3402 quid
1172 3331 1287 3399 pauperi
1294 3368 1302 3393 ,
1310 3330 1374 3400 qnid

336 3406 390 3460 XL.
408 3410 480 3462 Atto.
496 3411 607 3462 Animus
623 3422 708 3484 gratus
728 3423 813 3462 tamen
863 3412 942 3464 diviti
951 3410 996 3463 n?
1009 3410 1083 3463 Unde
1096 3410 1167 3462 Pinc.
1184 3412 1264 3461 lacere
1273 3408 1374 3461 voluit:

304 3487 458 3558 praestandus
473 3499 525 3552 eet,
552 3489 574 3542 si
591 3486 647 3540 ficri
668 3508 722 3540 non
737 3488 814 3562 possit
866 3485 942 3556 Quid
958 3507 980 3539 e.
997 3491 1065 3556 regi,
1085 3489 1151 3556 quid
1165 3489 1294 3558 principi,
1310 3487 1375 3558 quid

304 3578 381 3617 utres
392 3565 579 3639 iptoreddatur.
595 3568 654 3620 Non
665 3567 707 3621 ille
715 3588 813 3640 semper
861 3568 886 3618 d.
898 3567 941 3620 n?
957 3565 1041 3638 Reges
1059 3565 1127 3618 enim
1145 3578 1170 3617 et
1182 3564 1310 3638 principes
1321 3567 1374 3618 lre-

305 3642 485 3715 vituperandus
496 3647 541 3716 qni
558 3665 610 3698 non
624 3646 706 3697 statim
723 3645 813 3698 reddit.
862 3656 968 3714 quenter
979 3643 1080 3718 copulat
1097 3655 1191 3696 notter.
1206 3643 1284 3710 Fuit,
1296 3663 1374 3714 quum

305 3721 518 3795 lmmoingratum
527 3723 642 3776 animum
651 3724 815 3777 bicdemons·
862 3723 979 3796 opinarer
1004 3741 1078 3774 voces
1104 3721 1166 3772 duas
1185 3721 1253 3788 quid
1264 3721 1376 3788 pauperi

305 3811 361 3862 trat,
369 3800 412 3870 qui
422 3801 596 3874 intempestive
603 3814 627 3854 et
633 3801 814 3869 statimreddit,
862 3797 973 3871 margini
985 3817 999 3849 a
1011 3797 1077 3850 male
1088 3796 1176 3849 scdulo
1188 3795 1299 3868 appittas
1309 3795 1374 3846 etsie

306 3878 377 3948 qnasi
389 3878 483 3932 inritus
495 3879 591 3932 debeat.
863 3879 891 3930 in
910 3891 1004 3931 textum
1024 3876 1148 3928 immissas
1171 3893 1231 3925 esse.
1247 3897 1282 3910 -
1303 3871 1377 3941 Quid

342 3977 364 4008 π.
374 3959 528 4025 Aliquando
540 3978 582 4010 me
598 3959 690 4028 referre
697 3962 816 4028 gratiam
861 3957 931 4007 enim
941 3957 996 4022 regi
1000 3992 1008 4020 ,
1019 3964 1066 4005 etc.
1076 3949 1241 4004 llauddubie
1251 3961 1338 4001 noster
1345 3948 1375 4000 de

307 4051 358 4086 non
378 4038 480 4101 patitur
480 4071 536 4088 .......
546 4037 816 4106 aliquandoselt'citas
862 4031 964 4084 Nerone
974 4032 1001 4084 b.
1014 4030 1032 4082 l.
1045 4029 1181 4102 cogitavit,
1194 4027 1240 4097 qui
1253 4025 1376 4080 benefitia

308 4110 648 4180 ejuscnidebeo.Qnidcnim
658 4111 816 4164 illidendum
863 4128 919 4180 quse
933 4110 1037 4163 Senecae
1044 4108 1158 4175 dederat,
1166 4107 1198 4160 ab
1212 4127 1243 4160 eo
1255 4105 1376 4159 redditu-s

308 4185 355 4255 qui
365 4187 451 4241 omnia
468 4188 568 4242 abunde
588 4190 665 4242 babet
681 4202 705 4242 ct
721 4191 757 4243 ita
769 4208 816 4242 nos
862 4207 891 4240 ro
900 4199 938 4240 tot
946 4201 1063 4260 tantaque
1074 4187 1184 4262 recipere
1195 4187 1285 4241 noluit.
1297 4185 1376 4240 Tacit.

309 4273 409 4340 praestat
419 4263 514 4318 divitiis
526 4265 816 4321 ntnibilillodvideetur
864 4267 959 4320 Annol.
968 4267 1048 4334 xllt,
1062 4266 1101 4320 53.
