2952 4938
432 477 530 546 nin.
557 474 652 564 vu,
678 477 790 545 car.
815 477 842 545 1.
1107 477 1173 563 ors

100 613 205 691 sciat,
223 611 252 677 si
263 610 326 677 scit
339 624 504 701 quantum
516 608 665 676 victoriae
679 609 759 675 entis
772 623 822 675 est
841 633 848 674 ι
869 606 918 674 sio
935 609 971 674 in
985 606 1050 674 lroc
1063 609 1175 676 studio

102 725 209 794 multa
225 723 418 806 delectent,
434 747 543 818 pauca
557 725 732 794 vincunt¹.
749 726 846 793 Licet
862 725 1015 806 nescias,
1033 747 1108 816 quar
1121 747 1175 792 rn-
1202 745 1216 794 5

100 844 151 912 tio
163 842 336 911 Oceanum
349 840 550 910 effirndatao
559 847 709 911 revocet²
725 868 732 908 :
745 863 851 934 quare
861 841 1022 935 septimus
1031 842 1176 932 quisque

99 983 212 1028 annus
226 961 327 1028 ¹aetati
351 961 487 1054 signum
509 951 713 1053 imprimat³,
740 983 847 1052 quare
865 957 1008 1026 latitudo
1023 959 1176 1051 porticus

101 1103 144 1147 ex
159 1091 290 1146 remoto
310 1077 560 1170 spectantibus,
576 1101 646 1146 non
663 1093 776 1146 servet
789 1067 1044 1171 proportionem
1061 1071 1172 1156 suam,

101 1191 165 1262 sed
178 1192 297 1262 ultima
307 1195 343 1261 in
356 1194 529 1286 angustias
540 1200 671 1276 coeant,
685 1208 719 1260 ct
729 1183 958 1261 columnarum
973 1185 1175 1260 ⁴novissimo

102 1308 285 1379 intervalla
297 1301 511 1402 jungantur⁵
531 1335 538 1374 :
561 1306 646 1400 quid
664 1309 708 1377 sit
719 1359 730 1395 ,
747 1307 840 1400 quod
861 1309 1071 1402 geminorum
1091 1332 1174 1376 con·

101 1441 241 1520 ceptum
260 1437 413 1519 separet,
434 1424 728 1518 partumjunga13
742 1441 856 1496 utrum
869 1449 957 1494 unus
976 1426 1178 1494 concubitus
1200 1437 1226 1487 o.

84 1664 285 1718 ·mernbrornm.
305 1664 376 1719 Bene
403 1665 490 1718 laudat
518 1662 616 1736 Lipsius
665 1665 762 1718 Oceani
773 1667 853 1720 llnsus
862 1666 962 1720 Arriam
977 1679 1001 1719 et
1013 1665 1174 1738 pluresalios.

102 1740 215 1810 Quintil.
226 1743 288 1797 Inst.
301 1743 373 1796 Orat.
384 1742 437 1795 ΧΠ
449 1780 456 1807 ,
471 1759 502 1805 a,
519 1747 616 1812 ra'qnae
664 1743 740 1798 Unde
749 1744 892 1798 Aristoteles
904 1744 994 1797 videns
1002 1741 1070 1796 idem
1085 1743 1112 1795 in
1124 1744 1176 1802 Eu,

102 1833 161 1895 apta
179 1841 239 1875 sane
263 1821 338 1876 etiam
358 1835 417 1875 sunt
437 1822 467 1875 ad
490 1821 616 1875 Demetrii
664 1822 726 1877 boeae
739 1825 802 1876 [reto
815 1823 916 1894 Euripo
928 1821 999 1886 lieri,
1013 1823 1063 1875 huc
1080 1843 1106 1875 se
1121 1822 1175 1874 im-

101 1917 214 1951 sensom.
230 1899 293 1972 Ejus
306 1899 380 1953 verba
394 1912 453 1952 sunt
468 1898 550 1952 hocce
561 1917 571 1952 τ
584 1899 617 1951 Et
665 1900 746 1953 missit
756 1903 842 1952 furens
854 1937 861 1963 ,
879 1911 922 1952 et:
936 1922 950 1946 e
963 1899 1069 1972 Nequeo
1084 1913 1108 1952 tc
1128 1921 1174 1953 ca-

101 1992 131 2030 ut
146 1979 277 2053 palestriei
288 1979 403 2034 doctores
415 1979 473 2032 illos
489 1999 552 2050 ques
563 1998 617 2031 ou·-
664 1997 722 2050 pere
731 2015 740 2042 ,
750 1978 851 2046 inquit,
865 1997 924 2049 cape
934 1997 983 2030 me.
997 1999 1011 2024 a

101 2077 187 2110 meros
194 2066 288 2111 vocant
294 2077 346 2111 non
355 2057 450 2112 ideirco
461 2057 613 2110 discentibus
699 2053 721 2105 3.
740 2052 831 2124 Quom
844 2057 1018 2123 septimum...
1030 2057 1174 2122 imprimat.

100 2135 206 2187 tradunt
217 2175 225 2202 ,
237 2135 314 2188 uthis
325 2135 445 2188 omnibus
460 2135 488 2186 in
502 2135 556 2207 ipso
570 2132 614 2184 lu-
664 2133 705 2185 Ad
727 2131 819 2205 gradus
837 2132 879 2184 vel
898 2137 1051 2203 stirpare-apoc
1072 2145 1174 2186 aetntom

101 2215 190 2267 standi
199 2215 335 2270 certamine
346 2213 511 2268 utanturzsed
520 2227 547 2266 ut
557 2213 615 2266 snb·
664 2211 790 2284 adspirare
799 2209 908 2277 videtur,
920 2210 1066 2264 observante
1079 2211 1173 2284 Lipsio,

100 2295 134 2347 sit
148 2294 219 2369 copia
230 2296 293 2363 illa,
307 2316 336 2350 ex
349 2316 398 2365 qna
409 2315 489 2348 unum
500 2306 543 2346 sut
553 2294 615 2346 alte·
664 2290 692 2342 in
708 2290 799 2362 quibus
819 2289 957 2360 antiquitus
971 2289 1115 2363 proditum,
1130 2311 1175 2343 se-

100 2373 241 2445 rum,cujus
248 2393 274 2427 se
280 2374 378 2428 occasio
385 2369 614 2436 dederieetficisnt.
664 2370 742 2444 ptimo
760 2389 860 2440 quoque
874 2388 943 2422 anno
957 2369 1120 2422 mutationem
1134 2383 1176 2422 aut

100 2479 137 2492 -
146 2452 293 2521 Nessusque
306 2452 334 2505 in
346 2451 414 2504 lucta
425 2471 432 2504 :
445 2451 532 2502 dicunt
542 2448 614 2501 eliter
663 2450 798 2502 discrimen
810 2447 921 2512 evenire,
930 2447 982 2500 sive
991 2459 1019 2500 ut
1028 2468 1112 2500 revera
1122 2468 1174 2500 eor·

101 2529 186 2581 nodos
199 2541 224 2582 et
235 2529 363 2604 ligaturas.
377 2527 463 2582 Multa
475 2527 550 2598 hujus
564 2547 614 2600 ge·
663 2527 719 2602 pori
735 2526 839 2597 aliquod
854 2525 955 2598 signum
975 2525 1025 2591 sit,
1045 2546 1114 2578 anno
1132 2546 1173 2578 se-

101 2605 171 2658 neris
188 2606 269 2679 junxit
284 2607 451 2660 Philostratus
469 2605 614 2678 imaginum
663 2606 741 2678 ptimo
752 2603 868 2658 dentibus
879 2602 1172 2656 cadentibusctnascen-

100 2684 148 2738 lib.
156 2685 198 2754 ll,
208 2707 233 2759 p.
242 2687 307 2760 819,
318 2685 533 2759 resupinationes,
544 2683 614 2757 pedis
663 2683 743 2747 tibus,
760 2683 799 2734 bis
811 2678 922 2755 'septimo
939 2679 1067 2752 pubertate
1087 2701 1173 2733 erum-

99 2762 251 2816 malleolum
268 2764 335 2817 ealce
353 2776 495 2836 percutere,
508 2783 614 2814 manum
664 2757 738 2836 perite
750 2799 758 2828 ,
771 2776 817 2816 etc.
833 2779 881 2832 qua
896 2762 927 2814 de
942 2781 968 2812 re
983 2761 1091 2814 conferri
1103 2761 1171 2832 jubet

99 2851 285 2912 contorquere,
297 2841 383 2894 medio
395 2861 499 2914 corpore
508 2841 614 2913 prehen·
661 2840 760 2912 Lipsius
768 2839 904 2892 Pllilonem
913 2839 944 2892 de
954 2837 1056 2911 opificio
1065 2839 1171 2902 Mundi,

100 2937 160 2971 sum
174 2918 206 2971 de
216 2929 283 2972 terra
293 2916 392 2987 tollere,
404 2917 445 2972 vel
456 2930 613 2991 prosternere
661 2919 714 2972 sive
731 2919 837 2992 septimo
857 2937 957 2988 quoque
973 2925 1112 2970 onno'tetas
1125 2919 1172 2970 in-

102 2999 173 3067 (qua
195 3017 223 3050 rc
238 2997 340 3058 ἀθλητὴς
357 2996 529 3064 &perlitasse
547 2995 614 3067 apud
661 2995 759 3058 fantis,
790 2995 884 3070 pueri,
912 2993 1095 3058 adolescentis,
1124 3007 1170 3047 ote.

98 3076 192 3128 Nilum
211 3077 244 3129 de
258 3089 314 3130 octo
326 3075 393 3129 vitiis
411 3097 436 3147 p.
454 3075 501 3140 357
521 3075 615 3129 athlete
662 3075 823 3146 designatur,
833 3073 886 3126 eise
897 3071 1016 3136 morbus,
1030 3072 1177 3142 perieulum·

81 3213 84 3218 Δ
99 3153 309 3228 inexpugnabilis
318 3153 424 3219 dicitur)
436 3152 612 3226 supplantare,
662 3153 801 3206 mutatione
809 3150 927 3203 imminet
938 3150 1045 3203 homini.
1058 3152 1170 3205 Cives·

79 3223 83 3228 ¹
98 3253 118 3286 s.
134 3233 212 3306 pedes
227 3237 343 3298 euserre,
356 3245 402 3285 etc.
425 3223 428 3228 ¹
660 3250 706 3294 τος
719 3233 751 3282 Α.
761 3227 860 3281 Gellius
872 3228 924 3292 lll,
938 3246 975 3280 ro.

138 3336 160 3368 ι.
176 3318 306 3384 linerent,
318 3334 371 3368 rem
387 3313 557 3381 confirmant,
569 3314 612 3365 ai·
668 3363 684 3381 ‚
694 3312 719 3374 4.
733 3309 883 3361 Novissime
892 3325 982 3358 omnes
992 3307 1066 3359 codd.
1077 3319 1101 3358 et
1113 3308 1170 3359 edd.

99 3397 181 3448 fectus
192 3409 216 3448 er
227 3395 289 3448 viria
304 3397 417 3448 domant.
660 3397 749 3460 praeter
761 3385 855 3437 lllureti
866 3384 948 3454 ,quin
957 3385 1075 3438 Pinciani
1087 3385 1174 3456 conjes

137 3493 162 3525 n.
176 3472 245 3544 Qua
255 3477 374 3526 ratio......
385 3487 486 3526 revocer.
502 3473 612 3528 Flumen
661 3477 757 3518 eturam
765 3463 893 3535 recepit,et
899 3461 1104 3532 subsequentium
1113 3466 1171 3518 eddi

100 3566 126 3604 et
138 3552 261 3604 refluxum
275 3551 351 3604 maris
363 3551 431 3604 dicit.
444 3549 521 3618 Quod
532 3551 613 3617 perso‘-
697 3544 719 3594 5.
725 3540 817 3612 Quare
827 3543 1170 3608 latitudo...1'ungnntur.lem

98 3629 295 3700 pressusqueed
306 3629 446 3683 Alexandri
454 3630 613 3702 magnitem-
662 3621 790 3675 Lueretius
806 3621 861 3685 IV,
880 3621 930 3685 loll
944 3639 980 3690 sq
1000 3639 1008 3672 s
1025 3641 1039 3666 α
1056 3619 1171 3675 Porticus

98 3727 163 3782 pora
185 3707 251 3760 nulli
269 3707 418 3760 Grsecorum
441 3718 530 3759 notum
557 3704 612 3758 tuit.
662 3697 881 3771 equattqusmvis
895 3709 931 3748 est
947 3697 1056 3768 denique
1071 3697 1171 3762 ductu,

98 3785 168 3837 Nam
180 3805 264 3858 neque
272 3786 373 3839 interno
382 3784 521 3855 mariqnod
534 3783 614 3838 medi·
663 3780 787 3848 Stansque
800 3777 984 3849 inperpetuum
998 3777 1099 3847 paribus
1112 3781 1172 3830 sul·-

99 3877 246 3918 terranensn
260 3884 329 3916 nunc
344 3862 510 3937 appellamus,
523 3861 565 3916 hae
575 3881 613 3914 as·
661 3857 724 3909 fulta
740 3855 883 3920 columnis,
898 3857 987 3926 Longa
1006 3866 1089 3906 tamen
1104 3872 1177 3928 parte,

99 3942 266 3994 tendentium
288 3953 311 3994 et
335 3939 542 3994 descendentium
563 3941 614 3993 llu-
662 3935 693 3988 ab
709 3953 808 3988 summe
819 3953 877 3986 enm
891 3945 940 3985 tota
953 3933 1069 3996 videtur,
1087 3935 1173 3988 Paul-

99 4033 188 4073 ctuum
199 4020 267 4073 vices
278 4021 457 4086 innotuerunt,
468 4031 492 4072 et
509 4017 612 4070 classem
661 4013 731 4064 latim
759 4010 836 4062 trahit
854 4010 954 4082 angusti
974 4010 1072 4083 lastigie
1091 4008 1170 4072 coni,

98 4094 613 4168 Nearchi,quumlndosecundolapsaad
662 4091 738 4142 Tecta
759 4090 814 4142 solo
836 4089 966 4161 jungens,
992 4102 1064 4160 atque
1086 4090 1172 4144 omnia

100 4176 203 4229 Oceani
214 4176 273 4229 litus
285 4175 420 4244 Ery'thraeli
431 4173 610 4231 descenderet,
664 4169 761 4221 dextera
776 4167 846 4220 laevis
862 4187 869 4221 s
888 4168 976 4219 Donec
994 4168 1020 4219 in
1037 4168 1178 4220 obscurum.

99 4254 247 4308 conterruit.
267 4254 327 4308 vid.
346 4253 379 4322 Q
398 4248 467 4306 Curt.
489 4250 531 4302 lib.
550 4251 585 4302 tx
606 4285 613 4314 ,
664 4245 720 4298 coni
733 4245 850 4299 conduxit
868 4265 983 4300 aeonion.
995 4269 1007 4296 u
1023 4247 1061 4300 Cf.
1076 4249 1176 4302 seneca.
