2976 4944
394 834 742 906 ARGUMENTUM
764 850 906 914 Ltuttt

348 1101 431 1186 nl:
468 1103 942 1213 PROVIDENTIA.

578 1421 713 1442 *—

127 1639 147 1690 1.
165 1642 366 1696 Providentiam
378 1666 444 1712 esse,
463 1649 571 1723 ideoque
588 1668 612 1707 et
622 1661 752 1714 custodem
762 1679 934 1744 rectoremque
946 1680 1063 1734 omniurn
1076 1705 1159 1742 rerum
1170 1741 1178 1762 ‚
1206 1687 1207 1692 ¹

95 1723 183 1776 statuit
196 1739 225 1777 et
235 1726 336 1802 colligit
347 1729 445 1783 Seneca
459 1752 471 1784 e
484 1749 572 1802 motu,
592 1741 682 1794 ordine
700 1757 725 1796 et
741 1755 882 1807 constantie
893 1761 991 1816 mundi
1007 1767 1041 1817 ltt
1053 1789 1133 1839 quum
1147 1774 1179 1827 de

95 1806 136 1858 his
148 1809 228 1862 nulla
241 1813 275 1864 sit
288 1815 411 1884 quaestio,
425 1817 470 1868 sed
482 1818 513 1871 de
529 1839 559 1873 eo
570 1858 577 1884 ‚
590 1845 673 1890 quare
685 1829 760 1883 bonis
771 1837 837 1887 viris
853 1846 928 1894 melu
941 1851 1076 1917 occidant,
1097 1878 1178 1926 quum

94 1893 130 1940 sit
139 1879 320 1949 Providentia
333 1899 410 1969 (qnae
425 1901 502 1954 verba
515 1903 583 1956 tituli
601 1907 657 1960 loco
676 1913 761 1981 posuit
774 1917 931 1988 Lactantius,
945 1927 989 1980 lib.
1002 1931 1036 1998 V,
1054 1955 1108 2008 cap.
1127 1960 1157 1994 nn
1170 1983 1177 2008 ,

95 1991 153 2041 pag.
165 1975 230 2043 495.
243 1976 408 2046 Heumann.)
422 1997 569 2052 querentem
587 1989 697 2042 amicum
714 2013 771 2047 cum
787 1998 843 2052 Deo
859 2002 888 2055 in
905 2010 1012 2080 gratiam
1031 2016 1178 2077 reducturus

95 2056 240 2127 respondet
251 2059 333 2132 primo
344 2102 353 2126 ,
370 2062 452 2117 honos
468 2068 560 2122 virosa
573 2072 630 2125 Deo
642 2077 736 2141 amari;
755 2082 818 2152 quin
831 2087 882 2159 ejus
896 2091 991 2146 similes
1003 2116 1071 2164 esse,

1086 2117 1177 2161 virtute

95 2138 271 2204 conciliante,
282 2162 329 2194 nec
339 2144 370 2197 ab
381 2166 411 2198 eo
421 2149 495 2201 melis
505 2150 589 2218 affici,
602 2168 631 2207 ut
640 2159 778 2229 punientur

784 2201 792 2230 ‚
803 2168 847 2219 sed
855 2191 900 2242 pro
910 2173 997 2230 liberis
1003 2179 1091 2236 haheri
1102 2200 1176 2260 etque

95 2219 228 2293 castigari
257 2224 292 2276 ll.
304 2224 406 2280 Deinde
418 2230 485 2282 mala
498 2252 551 2285 non
564 2255 630 2304 esse,
644 2261 702 2311 quae
713 2243 773 2296 viris
784 2246 858 2302 honis
872 2256 1002 2326 accidant,
1015 2265 1106 2342 quippe
1119 2292 1176 2343 quae

94 2303 122 2354 iu
135 2324 182 2356 eos
197 2307 289 2362 cedere
303 2315 479 2385 nonpossint:
493 2318 561 2370 mala
573 2341 588 2372 a
599 2322 661 2376 viris
673 2325 747 2380 bonis
758 2331 835 2386 vinci.
847 2335 876 2389 si
886 2343 978 2411 quaeta

95 2407 125 2439 ea
140 2391 355 2446 exercitationum
368 2396 426 2449 loco
436 2415 495 2452 snut
505 2402 622 2458 habenda

637 2581 720 2650 ,cujus
729 2583 814 2640 laudes
824 2595 1038 2659 concelebrantur.
1059 2609 1115 2678 ΙΙΙ,
1125 2614 1172 2666 IV.

615 2661 646 2712 sd
659 2661 900 2739 demonstrandum,
911 2682 978 2735 male
990 2706 1047 2756 qnae
1060 2693 1172 2748 videan-

91 2739 148 2786 tur,
161 2747 220 2778 non
231 2749 284 2780 esse
295 2732 380 2793 mala3
394 2734 467 2788 docet
480 2759 524 2810 pro
539 2741 597 2812 ipsis
613 2745 674 2799 viris
689 2747 764 2807 bouis
780 2774 847 2824 esse,
861 2761 951 2830 quihus
963 2771 1094 2844 accidant,
1107 2779 1171 2834 sicut
1274 2821 1278 2828 ·

90 2811 252 2896 medicinam
271 2837 317 2889 pro
329 2819 411 2891 egris.
422 2822 578 2879 Indurantur
589 2829 625 2882 sic
636 2832 711 2886 etiam
728 2857 743 2888 a
761 2839 835 2908 Deo,
848 2847 892 2921 qui
910 2868 935 2901 se
950 2853 1042 2928 dignos
1055 2865 1170 2931 producit

91 2891 118 2942 in
127 2904 255 2967 pugnauit
282 2897 313 2946 V.
323 2899 392 2952 Mala
401 2921 453 2956 esse
460 2926 506 2978 pro
514 2909 632 2963 omnihus
641 2932 648 2975 ;
658 2916 755 2970 utboni
763 2921 810 2973 viri
818 2924 854 2978 sic
862 2947 875 2978 a
884 2929 941 2983 Deo
949 2933 1028 2990 habiti
1035 2961 1064 2994 ac
1073 2950 1169 3002 tractati

89 2973 205 3026 clament
219 2977 290 3042 aliis,
304 2994 329 3031 et
338 2983 472 3036 ostendant
482 3025 490 3054 ,
501 3007 555 3040 non
568 3011 619 3044 esse
630 2992 698 3048 bona
715 3003 850 3069 anmals,
864 3029 922 3078 quse
932 3016 1023 3090 vulgus
1040 3036 1122 3094 putet:
1135 3031 1167 3082 ad

89 3077 152 3108 vera
174 3059 256 3132 igitur
272 3062 316 3115 illa
329 3077 457 3138 spectent¹;
478 3085 502 3122 et
519 3072 563 3126 ille
576 3088 680 3146 petant,
696 3080 750 3134 hec
768 3087 876 3162 lugiunt.
894 3095 993 3151 Ibidem
1012 3106 1084 3160 addit
1100 3111 1167 3166 viros

90 3142 175 3194 honos
186 3157 213 3196 et
225 3146 340 3201 volentes
351 3152 463 3226 excipere
475 3172 481 3205 :
494 3157 608 3228 praehent
623 3161 692 3214 euim
706 3184 732 3217 se
747 3169 805 3222 Deo
817 3186 841 3224 et
851 3177 910 3228 lato.
927 3179 1018 3236 Fatum
1031 3203 1083 3257 est,

89 3240 190 3281 aetemo
206 3233 387 3300 constitutum,
404 3239 464 3309 quid
477 3241 587 3314 gaudeas
606 3245 748 3320 doleasque.
785 3255 830 3308 Vl.
842 3259 961 3334 Denique
974 3275 1079 3344 repetit,
1099 3283 1166 3336 m'ala

90 3331 145 3362 non
159 3331 213 3366 esse
224 3335 300 3381 vera,
315 3338 372 3389 que
382 3321 444 3374 viris
455 3321 528 3376 honis
539 3327 655 3380 accidant
667 3352 674 3394 ;
687 3345 711 3384 et
726 3334 810 3388 Deum
822 3343 925 3398 adducit
936 3351 1103 3422 pulcherrime
1114 3367 1165 3418 ad-

88 3391 239 3447 hortantem
250 3409 276 3448 et
287 3397 320 3449 ad
336 3399 414 3454 robur
424 3403 580 3460 excitantem.
596 3409 672 3462 Liber
684 3415 817 3484 praeelarus
828 3435 871 3474 est.
883 3428 968 3494 Quam
977 3441 1127 3496 sententiam
1141 3462 1164 3498 et

88 3479 217 3532 lactantii
230 3481 301 3534 locus
313 3485 435 3539 adductus
448 3487 599 3543 confirmat:
613 3514 626 3540 α
636 3493 666 3546 si
677 3495 733 3566 quis
743 3513 826 3554 eutem
838 3507 907 3560 volet
916 3513 979 3566 scire
991 3517 1089 3590 plenius
1101 3563 1108 3588 ,
1120 3547 1164 3581 eur

86 3559 172 3612 malos
182 3573 209 3613 et
218 3561 324 3634 injustos
334 3566 405 3620 Deus
414 3581 528 3641 potentes
538 3610 546 3636 ‚
558 3574 644 3627 beatos
657 3591 682 3629 et
692 3579 782 3635 divites
793 3584 848 3640 fieri
861 3591 927 3644 sinat
937 3617 945 3661 ;
955 3597 1009 3669 pios
1018 3619 1105 3659 eontra
1115 3609 1163 3664 hu-

85 3645 180 3710 miles,
191 3647 298 3702 miseros
309 3687 317 3714 ,
331 3651 417 3725 inopes
431 3675 482 3708 esse
494 3657 601 3729 patiatur
612 3682 619 3725 ;
631 3677 714 3716 sumat
723 3685 780 3720 eum
793 3670 896 3730 Senecae
906 3679 998 3735 librum
1009 3724 1017 3750 ‚
1027 3690 1068 3742 cui
1079 3693 1163 3750 titulus

83 3741 121 3776 est
139 3745 148 3778 ι
171 3729 263 3798 Quare
280 3733 351 3788 tonis
365 3740 430 3789 viris
445 3743 530 3793 multu
541 3747 616 3796 melo
629 3751 764 3815 acervant,
786 3775 867 3822 quum
881 3765 919 3814 sit
933 3765 1103 3828 Providentia
1115 3781 1162 3832 :in

6 3822 9 3828 '
82 3833 137 3881 quo
156 3813 200 3866 ille
212 3817 309 3882 multa,
324 3839 376 3871 non
385 3823 460 3894 plene
473 3824 598 3899 imperitia
609 3831 731 3897 seculari,
743 3837 788 3889 sed
798 3842 921 3913 sapienter
937 3867 965 3900 ac
979 3872 1051 3924 paene
1062 3859 1163 3916 divini-

83 3909 124 3948 tus
134 3897 235 3950 locutus
246 3913 291 3952 est.
305 3903 389 3969 Deus,
403 3905 502 3977 inquit,
516 3921 561 3962 etc.
570 3933 583 3957 ν

119 3977 248 4031 Casuum
257 3985 454 4054 διαπασμάτων
465 3989 490 4040 id
503 3991 656 4062 quibusdam
670 4017 723 4052 esse
730 4000 831 4056 videtur
843 4007 912 4072 (vid.
924 4023 1010 4069 tamen
1018 4031 1161 4101 not.a,p.5)

83 4063 190 4133 majoris
202 4067 301 4139 operis,
314 4069 356 4121 eni
367 4070 455 4125 titulus
464 4073 529 4127 liber
540 4077 571 4130 cle
582 4079 745 4158 Providentia
756 4125 764 4151 ‚
776 4101 800 4140 et
807 4127 814 4154 ,
828 4095 985 4164 uvidum,
997 4106 1161 4184 Moralium,

85 4147 113 4198 in
124 4148 219 4218 quibus
228 4150 261 4202 de
273 4152 345 4204 omni
357 4158 462 4210 materia
474 4159 507 4211 ad
516 4161 702 4240 philosophiam
713 4189 814 4224 morum
826 4192 950 4250 spectante
963 4187 1041 4244 fusius
1052 4195 1162 4270 dispute-

85 4246 167 4285 eene
180 4235 240 4302 (Cf.
255 4237 319 4310 Epp.
341 4241 402 4306 106,
429 4245 490 4306 rod,
517 4265 570 4316 roq.
589 4249 702 4306 Laetant.
719 4254 872 4333 tib21,cap.
887 4277 931 4332 163
945 4270 988 4324 lib.
1001 4275 1043 4344 ll,
1062 4301 1115 4355 sap.
1128 4308 1142 4338 2

86 4314 132 4366 tit.
147 4317 201 4383 Vl,
219 4338 273 4392 cep-
288 4340 315 4386 ¹⁷
327 4360 334 4387 ‚
347 4327 408 4392 πή.)

1101 3209 1125 3248 et
1135 3199 1166 3250 ab
