2954 4926
287 469 352 558 570
617 467 686 534 DE
714 470 1023 540 BENEFICIIS

335 597 433 663 XXI.
455 623 468 656 u
481 593 546 664 Sed
560 596 627 680 lex,
646 601 770 690 inquit,
788 623 858 666 non
869 601 1116 693 permittendo¹
1133 603 1286 695 exigere,
1302 627 1363 669 re·
1460 617 1461 632 Ι

286 716 362 780 tuit.
382 741 396 776 u
418 714 524 782 Multa
544 714 653 806 legem
671 739 739 782 non
759 715 911 798 habent,
934 741 999 786 nec
1013 719 1180 786 actionem
1198 770 1207 800 ,
1224 717 1270 786 nd
1286 744 1362 811 quae

286 829 496 900 consuetudo
511 833 588 898 ritae
606 831 785 914 humanae,
807 832 884 925 lege
902 835 993 900 omni
1011 834 1191 916 valentior,
1212 835 1272 902 dat
1286 835 1360 902 adi·

287 965 370 1014 tum.
389 947 490 1014 Nulla
506 948 559 1014 lex
569 948 669 1040 jubet
683 951 869 1017 amicorum
885 967 1015 1018 secretu
1032 974 1102 1019 non
1114 951 1251 1043 eloqui,
1267 951 1361 1019 nulla

288 1064 340 1130 lex
367 1062 469 1132 fidem
491 1066 591 1132 etiam
611 1067 750 1134 inimico
766 1083 939 1160 proestare.
961 1067 1048 1160 Quae
1068 1068 1123 1135 lex
1141 1067 1183 1136 ad
1214 1067 1251 1134 id
1273 1091 1364 1159 prae-

246 1209 261 1240 2
287 1175 443 1244 standum
458 1202 520 1248 nos
531 1179 623 1271 quud
639 1180 741 1248 alieni
755 1181 984 1273 promisimus,
1005 1181 1148 1274 alligat?
1161 1181 1300 1272 Querar
1314 1197 1364 1248 to-

288 1319 366 1362 men
384 1319 460 1362 cum
479 1321 520 1362 eo
537 1298 597 1387 qui
610 1321 771 1365 arcanum
789 1321 976 1365 sermonem
992 1322 1062 1364 non
1080 1298 1314 1380 continuerit,
1331 1313 1364 1364 et

289 1409 390 1476 fidem
406 1409 531 1494 domm,
547 1436 610 1480 nec
625 1429 804 1494 servatam,
822 1413 1042 1507 indignabor.
1060 1443 1076 1478 «ι
1092 1413 1160 1482 Sed
1176 1438 1217 1481 ex
1231 1411 1360 1479 benefi-

289 1529 356 1608 cio,
376 1529 507 1619 inquit,
521 1529 689 1597 creditum
706 1531 802 1599 facis.
821 1559 836 1592 s
856 1532 999 1599 Minime
1017 1560 1024 1597 :
1044 1557 1114 1598 non
1133 1532 1224 1598 enim
1239 1531 1362 1622 exigo,

290 1644 350 1712 scd
370 1662 510 1738 repete,
532 1663 627 1714 etue
646 1663 762 1739 repeto
777 1645 940 1739 quidem,
959 1645 1019 1714 sed
1036 1647 1217 1715 admoneo.
1238 1649 1291 1712 Ne
1310 1646 1364 1712 ul-

290 1761 371 1828 tima
388 1761 526 1852 quidcm
541 1765 748 1831 necessitas²
763 1765 799 1831 in
812 1763 880 1831 hoc
892 1780 992 1856 aget,
1010 1779 1047 1831 ut
1061 1763 1194 1830 adeum
1211 1763 1363 1838 veniam,

251 1895 265 1945 3
291 1903 367 1945 cum
383 1903 451 1970 quo
470 1879 531 1948 diu
551 1880 634 1948 mihi
646 1880 847 1948 luctandum
862 1881 905 1948 sit
916 1876 943 1946 ⁵.
957 1881 1029 1972 Qui
1045 1897 1111 1948 tum
1125 1881 1282 1972 ingratus
1295 1895 1362 1958 est,

291 2009 328 2059 ut
344 1991 394 2059 illi
409 2017 478 2059 non
492 1997 535 2060 sit
548 1997 627 2062 satis
644 1996 820 2062 admoneri
835 2046 844 2076 ,
861 2019 938 2062 eum
954 1994 1124 2074 tmusibo,
1142 2017 1206 2060 nec
1224 1990 1366 2086 dignum

288 2107 474 2201 judicab0,
500 2113 559 2202 qui
584 2128 699 2204 gratus
717 2135 790 2179 esse
808 2127 963 2205 cogatur.
989 2109 1169 2203 Quomodo
1188 2110 1369 2177 loenerator

290 2225 454 2317 quosdam
469 2225 642 2296 debitores
659 2253 731 2296 non
746 2228 915 2322 appellat,
934 2251 1020 2320 quos
1039 2228 1102 2296 scit
1120 2225 1315 2304 decoxisse,
1335 2241 1368 2292 et

293 2343 488 2440 inquorum
498 2338 687 2436 pudorem⁴
702 2345 788 2413 nihil
804 2361 959 2438 superest
973 2345 1067 2438 quod
1080 2358 1197 2437 pereat
1212 2369 1220 2408 ι
1237 2342 1290 2408 sic
1304 2365 1367 2432 ego

293 2459 455 2550 quosdam
473 2463 624 2554 ingratos
644 2462 753 2554 palam
773 2485 813 2528 uc
834 2464 1059 2554 pertinaciter
1075 2458 1282 2553 praeteribo,
1306 2479 1369 2523 nec
1462 2499 1463 2504 κ

293 2577 336 2644 ab
347 2577 417 2648 ullo
431 2579 634 2647 beneficium
647 2595 815 2678 repetam,
828 2580 894 2646 nisi
908 2605 928 2648 a
943 2604 1012 2671 quo
1025 2603 1095 2647 non
1106 2577 1283 2646 ablaturus
1294 2599 1366 2652 ero,
1462 2617 1463 2620 =

294 2693 354 2761 scd
376 2711 585 2788 recepturus.

328 2887 805 2961 llxl.rltto.Anrepeterebeneficium
854 2891 949 2954 tentis,
970 2903 1090 2944 mouente
1114 2887 1323 2940 Wittenbschio
1344 2888 1370 2939 in

296 2964 389 3018 liceat?
401 2986 479 3036 usque
492 2965 524 3018 ad
535 2963 613 3017 finem
624 2965 691 3018 libri.
855 2969 984 3022 Biblcrit.
997 2969 1053 3035 lll,
1066 2989 1086 3020 t.
1098 2989 1122 3040 p.
1134 2967 1176 3032 ⁴0,
1190 2987 1221 3019 ex
1231 2966 1279 3018 illo
1291 2966 1371 3018 Simo·

331 3064 351 3096 1.
367 3045 422 3098 Sed
436 3049 497 3108 les,
512 3049 597 3114 inquil
608 3083 616 3108 ,
627 3067 677 3097 uon
692 3049 806 3111 permit-
856 3038 1013 3113 niden,dll'
1026 3048 1117 3098 lalut
1132 3057 1196 3108 σιγῆς
1206 3047 1331 3098 ἀκίνδυνον
1338 3069 1371 3108 71

295 3127 443 3188 &admeto
456 3125 496 3176 De
509 3122 547 3175 llis
560 3125 633 3176 rebus
644 3121 715 3175 nulla
727 3124 808 3195 legis·
856 3151 914 3197 μς,
938 3147 1051 3199 expressa
1073 3139 1116 3180 est.
1130 3125 1258 3178 Pindams
1269 3144 1371 3195 qnoque

297 3201 356 3253 latio
379 3201 517 3272 quidquam
539 3201 685 3266 constituit,
709 3200 753 3253 sed
776 3201 807 3254 ad
857 3205 954 3276 aliquid
972 3226 1027 3258 non
1042 3205 1157 3258 absimile
1171 3202 1269 3256 habes:
1287 3203 1324 3254 od
1335 3225 1370 3253 τοι

295 3280 808 3342 ι’ννοίαςκοινέις,αᾶεοπιιῃιιιιεεοωῐιῶυε
857 3287 939 3334 ἅπασα
963 3285 1082 3350 κερδίων,
1104 3286 1215 3348 pulsasse
1241 3279 1373 3348 sepo'msr

297 3361 442 3424 sententias,
452 3381 508 3431 quae
519 3361 654 3412 domestica
664 3359 808 3434 disciplina,
858 3361 956 3415 ἁληθιία
981 3363 1083 3430 ἀτρεκής·
1108 3363 1144 3412 sel
1169 3371 1235 3422 σιγᾶν
1257 3361 1373 3417 πολλάκις

298 3439 460 3503 educatione,
474 3439 532 3492 vitae
545 3441 662 3491 humanae
677 3449 811 3490 consuetu·
859 3439 1053 3504 interequitans
1068 3447 1157 3491 νοῦσαι.

299 3520 375 3584 dine,
394 3519 505 3588 denique
526 3517 641 3584 ratione,
667 3515 809 3588 legislatore
893 3537 915 3566 n.
931 3515 973 3570 Ne
992 3520 1088 3570 ultr'mn
1106 3518 1210 3588 quidem
1226 3517 1373 3568 necessitas.

301 3613 385 3652 nostro
397 3599 509 3670 optimo,
527 3596 663 3661 docentur,
678 3595 809 3648 referende
860 3593 902 3645 Sic
910 3607 945 3644 est
954 3594 981 3646 in
991 3613 1049 3646 mss.
1060 3593 1133 3646 Grul.
1143 3591 1246 3644 ctPinc.
1254 3591 1373 3644 Erasmus

301 3678 355 3732 haec
364 3697 414 3731 esse
423 3699 541 3730 censuere
551 3675 736 3748 legumlatores.
744 3675 809 3726 Rern
860 3669 954 3742 aliique
969 3690 975 3722 :
988 3669 1061 3723 Num
1071 3673 1166 3722 ultimo
1177 3688 1282 3738 quoqne
1293 3685 1375 3720 nem·

301 3757 369 3808 enim
379 3796 386 3821 ,
398 3777 455 3826 quse
466 3757 530 3808 inter
540 3755 638 3806 animos
649 3755 759 3826 geritur,
774 3753 812 3805 lex
862 3753 936 3802 sitos.
948 3749 1020 3823 Soepe
1032 3749 1060 3801 ln
1074 3746 1148 3802 codd.
1160 3769 1240 3811 nom,
1252 3766 1319 3810 non,
1331 3765 1373 3806 ne.

301 3835 372 3887 nullu
394 3848 470 3887 curat.
492 3835 559 3886 llinc
581 3832 660 3906 poetis
683 3831 813 3885 didactiris
862 3847 942 3890 num,
963 3837 1146 3900 permutantur.
1165 3825 1199 3879 H.
1217 3824 1237 3876 l.
1258 3824 1375 3897 negative

304 3913 492 3966 reservabuntur
500 3911 557 3964 tolio
566 3910 631 3983 apud
640 3923 742 3972 veteres,
751 3909 812 3961 hinc
863 3903 1026 3957 desideratur.

304 3992 421 4064 mysteria
438 4003 558 4064 praecepte
575 3989 629 4042 lraec
644 3988 753 4041 salubria
767 3989 813 4041 in·
896 3983 918 4035 3.
949 3981 1111 4037 luctandmu
1135 3986 1177 4034 tit.
1206 3981 1378 4034 ulceratione

304 4069 444 4121 eulrsbant.
463 4066 585 4140 Exemplo
600 4081 635 4119 est
648 4067 737 4119 llorat.
755 4067 815 4118 Car·
863 4061 1053 4133 exprimendum
1066 4058 1228 4113 beneficium·

303 4149 367 4200 min.
375 4147 419 4200 lib.
434 4149 484 4210 ΙΙΙ,
498 4147 549 4200 ΟιΙ.
564 4163 602 4205 rr,
616 4150 660 4198 ²5:
671 4147 733 4196 «Est
746 4159 769 4197 et
780 4147 816 4196 Ιι-
895 4143 917 4206 s'·
931 4137 965 4189 1„
978 4159 1002 4206 q·
1012 4161 1039 4208 p·
1052 4137 1192 4208 Lugruuge
1205 4137 1281 4188 vertit
1297 4141 1362 4205 :qni
1371 4176 1379 4198 ,

305 4225 355 4277 deli
370 4239 420 4278 tutu
431 4225 636 4277 silentiollertcs
648 4246 660 4269 υ
673 4239 679 4272 :
693 4243 749 4293 quae
760 4243 816 4276 sen·
862 4226 879 4270 d
891 4223 946 4272 teor
956 4217 1044 4286 horare,
1057 4221 1131 4271 o'ont
1143 4221 1197 4270 rien
1208 4219 1343 4286 isperdn.
