2978 4942
334 503 430 574 LIB.
457 503 536 593 IV,
562 506 668 574 CAP.
696 506 937 575 XXXVIII.
1108 509 1170 574 Sar

98 635 331 730 ingratissimo
349 635 492 729 hospiti,
509 633 904 730 avidissimolnaulrago,
923 635 1100 728 stigmats¹
1122 635 1177 702 in-

100 750 289 836 scriberet,
317 752 490 846 ingratum
505 751 674 845 hospitem
693 752 865 820 testantia.
886 751 1020 844 Dignus
1038 747 1177 843 quidem
1203 753 1219 818 l

101 868 191 954 suit,
217 869 273 937 cui
301 891 371 936 non
387 868 657 937 inscriberentur
675 865 742 936 illae
760 867 906 951 littere,
927 865 989 936 sed
1005 867 1180 961 insculpe-

102 1000 244 1075 rentur,
260 985 320 1077 qui
336 985 506 1080 hospitem
523 1009 644 1067 suum,
662 982 755 1054 nudo
772 999 807 1054 et
825 985 990 1079 naufrago
1008 984 1176 1067 similem,

102 1102 143 1169 in
159 1099 197 1168 id
205 1101 243 1169 in
256 1100 487 1193 quojscuerat
500 1101 573 1194 ipse
583 1098 677 1169 littus
691 1101 878 1195 expulerat.
895 1099 964 1172 Sed
973 1099 1177 1182 videbimus,

103 1216 187 1310 quis
201 1216 323 1286 modus
340 1239 450 1311 poenae
466 1213 655 1284 servandus
672 1215 800 1284 fuerit:
820 1215 1044 1285 auferendum
1061 1217 1181 1307 utique
1208 1269 1214 1284 .

104 1333 191 1418 fuit,
214 1333 307 1426 quod
331 1339 461 1404 summo
489 1331 617 1400 scelere
643 1333 824 1403 invaserat.
844 1332 934 1426 Quis
949 1348 1064 1402 autem
1080 1355 1182 1426 poeua

104 1451 184 1545 ejus
201 1464 417 1532 moreretur,
436 1449 497 1543 qui
513 1447 549 1516 id
565 1449 799 1533 commiserat,
814 1466 955 1544 propter
970 1449 1063 1544 quod
1082 1473 1182 1519 nemo

105 1567 264 1636 miserari
277 1565 418 1634 miseros
435 1568 571 1658 posset²
584 1565 599 1631 i

158 1683 361 1755 XXXVIII.
373 1680 477 1750 Dabit
488 1680 550 1748 tibi
561 1670 763 1774 'Philippus
771 1681 851 1774 quis
861 1681 1037 1775 promisit,
1053 1680 1184 1748 etinnsi

105 1825 180 1870 non
194 1797 318 1882 debet,
335 1799 466 1866 etiamsi
481 1797 664 1891 injuriam,
680 1798 814 1866 etiamsi
830 1797 940 1868 scelus
957 1798 1107 1868 facturus
1118 1812 1182 1880 est,

106 1917 243 1988 etiamsi
260 1940 329 1984 uno
346 1914 433 1983 facto
451 1914 679 2008 praeclusurus
698 1916 750 1984 cst
767 1915 944 2010 naufragis
954 1915 1094 1984 littora?
1110 1917 1187 1984 Non

106 2048 163 2102 est
181 2031 316 2115 levitas,
333 2055 354 2100 n
367 2030 503 2124 cognito
517 2047 552 2100 et
565 2029 724 2100 damnato
739 2055 857 2100 errore
872 2030 1070 2120 discedere3
1086 2045 1121 2098 et
1133 2031 1187 2098 in-

109 2173 226 2244 genue
252 2145 429 2218 fatendum
455 2163 507 2218 est
531 2173 540 2214 ε
567 2146 705 2217 «Aliud
723 2150 863 2243 putavi:
882 2148 1045 2242 deceptus
1059 2171 1146 2216 sum.
1167 2173 1183 2210 n

107 2267 195 2334 Haec
214 2289 297 2334 vero
323 2262 479 2358 superbae
499 2262 651 2332 stultitiae
677 2265 936 2358 perseverantia
949 2280 1026 2333 est:
1050 2259 1188 2355 «Quod

109 2380 218 2450 semel
233 2379 592 2473 dixi,.qualecumque
607 2395 673 2467 est,
690 2381 792 2449 lixum
806 2397 985 2473 ratumque
997 2381 1052 2448 sit.
1072 2406 1089 2442 n
1109 2381 1187 2446 Non

110 2485 287 2590 cstturpe,
301 2521 378 2567 cum
390 2521 428 2566 re
439 2497 770 2566 mutareconsilium.
782 2493 875 2590 Age,
886 2495 1189 2589 siPhiIippuspos-
1212 2527 1228 2562 2

111 2637 279 2684 sessorem
296 2613 392 2682 illum
406 2637 523 2682 eorum
536 2612 689 2683 littorum
703 2613 911 2706 reliquisset,
924 2585 1000 2705 quie
1009 2613 1188 2708 naufragio

150 2879 174 2912 r·
185 2857 328 2927 Sripnarn
344 2863 445 2914 lunatas
459 2858 537 2912 lronti
554 2870 626 2911 notes
675 2858 772 2911 miseris
784 2857 912 2930 naufragis
922 2875 995 2930 oprrn
1008 2856 1072 2908 lerre
1086 2853 1113 2907 in
1126 2874 1189 2928 pos·

112 2935 268 3007 litterasque.
286 2937 327 2989 De
343 2937 392 2990 hoc
410 2957 494 3002 ruore,
507 2937 561 2991 sive
575 2957 628 2990 uns
675 2949 756 2990 terum
765 2937 797 2989 ab
804 2938 892 3000 animo
898 2956 944 2989 suo
952 2937 1084 3010 impetrare
1091 2948 1188 3008 posset:

113 3012 197 3066 littera
208 3015 261 3066 sire
269 3015 382 3086 pluribus
392 3015 473 3085 iisque
482 3015 628 3088 ingentibus
676 3035 709 3068 ue
721 3016 784 3081 sibi,
800 3035 907 3082 verens,
921 3007 1077 3084 idem'quod
1093 3013 1187 3064 rustico

112 3093 226 3144 frontem
232 3091 629 3166 implendimaleheorum‚multa
677 3094 807 3148 arrideret.
820 3093 915 3146 Seneca
928 3105 1012 3147 sutem
1024 3092 1052 3145 in
1063 3092 1139 3144 hasce
1149 3111 1187 3144 re·

114 3169 221 3242 collegit
233 3171 330 3242 Lipsius
342 3171 370 3223 in
381 3171 460 3224 Elect.
475 3173 517 3238 ll,
532 3176 561 3226 15
573 3193 629 3247 psg.
676 3171 843 3245 prehensione
853 3171 902 3224 sibi
911 3183 1007 3224 constet
1018 3190 1023 3232 ;
1033 3168 1123 3239 utqui,
1133 3185 1188 3220 om-

115 3247 167 3311 488
179 3267 234 3318 sqq.
248 3249 314 3321 Opp.
324 3249 372 3306 To.
382 3251 402 3301 l.
677 3250 706 3302 ui
724 3249 822 3303 actione
835 3251 995 3322 ingratorum
1014 3247 1122 3319 rejects,
1140 3266 1188 3300 nec

150 3345 174 3379 2.
189 3325 302 3394 Propter
322 3328 394 3396 quod
413 3347 488 3382 nemo
507 3329 631 3380 rrsirerari
678 3347 778 3402 poenarn
790 3326 974 3401 probatullanr.

114 3406 226 3455 miseros
238 3405 347 3469 posset?
360 3403 483 3458 Delendis
492 3404 560 3470 hene
572 3405 630 3458 lec·
711 3407 856 3458 XXXVIII.
870 3405 944 3456 Auo.
955 3403 1102 3476 Philippum
1120 3422 1189 3456 eou-

114 3482 216 3535 tionem
231 3480 330 3553 Lipsius
352 3501 365 3533 e
391 3483 554 3554 sequentibus
574 3503 628 3558 esp.
677 3484 759 3536 tendit
777 3484 842 3537 bene
860 3484 961 3558 egisse,
983 3483 1042 3536 lieet
1060 3482 1188 3556 prontissis
1283 3546 1286 3554 Ι

115 3558 524 3626 XXXVlll,s:nonneomuihus
532 3561 628 3620 miseris
678 3581 731 3615 non
748 3563 859 3626 steterit,
876 3575 900 3614 et
917 3561 1080 3637 pertinaciam
1099 3581 1187 3614 eorurn

115 3657 185 3707 aqua
198 3649 224 3689 et
240 3637 296 3710 igni
310 3637 491 3693 interdixerat?
511 3640 631 3712 Plerique
678 3640 770 3715 carpit,
782 3641 826 3712 qui
833 3639 958 3713 quidquid
970 3639 1098 3706 dixerunt,
1110 3638 1188 3692 lixum

116 3716 308 3792 lamenteripti,
314 3737 423 3787 proquo
431 3738 506 3772 nemo
514 3721 633 3772 misereri
679 3732 704 3772 et
716 3731 798 3771 ratum
810 3739 861 3771 esse
873 3719 972 3771 volunt.

117 3797 266 3848 rru'sericors
281 3798 389 3863 posset?
404 3797 543 3869 Vulgarum
561 3815 631 3868 proe-
712 3793 1061 3850 &Dabeobtttumdabir
1075 3797 1190 3861 tibi,su·
1261 3855 1267 3864 ,

117 3875 174 3926 l'ero
185 3885 214 3925 nt
223 3874 326 3928 Seneca
336 3874 630 3944 magisconsentsneum.
679 3873 825 3948 perbissimc
843 3874 924 3940 latro,
943 3875 1099 3944 Philippus,
1122 3873 1188 3928 etc?

117 3951 368 4021 -Qm's...posset?
380 3953 487 4006 Poenarn
497 3953 630 4026 reprobare
679 3953 741 4006 Hac
758 3952 862 4021 quidem
880 3964 939 4004 sunt
961 3951 1078 4006 rhetorici
1098 3951 1191 4005 coloris

118 4029 223 4083 videtur
233 4031 305 4082 istsrn
316 4043 414 4095 noster,
429 4031 488 4102 quis
498 4031 571 4084 miles
584 4031 631 4084 iste
681 4030 785 4086 seneca
799 4029 928 4082 familiaris
939 4029 1053 4104 proprie,
1066 4042 1093 4082 ut
1105 4029 1190 4082 nirni-

118 4122 173 4160 tarn
186 4107 296 4160 immane
308 4109 405 4162 lacinus
418 4109 591 4172 commiserat,
603 4123 632 4163 nt
681 4131 737 4166 rum
758 4109 999 4182 interrogationibus
1016 4109 1190 4164 conversioni-

119 4205 214 4258 uerno,
229 4186 274 4256 qui
292 4184 359 4255 qnod
380 4185 529 4239 incredibile
549 4186 632 4239 visum
681 4191 776 4262 busque
788 4189 877 4242 subitis
888 4189 1014 4259 ejusmodi
1026 4201 1108 4242 utetur
1128 4206 1134 4242 :
1154 4187 1198 4250 uti

121 4265 203 4334 esset,
228 4267 340 4322 evenisse
367 4268 483 4335 videret,
509 4269 636 4342 ejusmodi
682 4266 938 4342 acpejamvidimus.
