2976 4950
286 463 351 547 404
615 457 684 528 uu
708 459 1015 531 reuertens

283 590 440 685 perficit,
461 590 566 658 relata
585 591 783 684 guadeant,
805 593 833 658 ai
852 591 937 660 illud
955 591 1117 660 benevole
1134 594 1319 688 excipimus
1338 619 1347 662 ε

283 708 367 776 illud
385 708 528 776 alterurn
540 711 549 742 ¹
563 705 658 800 quod
671 731 709 775 re
723 709 935 793 continetur,
952 707 1102 777 nondum
1117 707 1347 792 reddidimus,

282 823 343 892 aed
360 824 514 892 volumus
534 823 692 893 reddere.
714 824 886 892 Voluntati
907 825 1078 893 voluntate
1099 827 1348 908 satisfecimus,

281 943 333 1010 rei
347 966 420 1011 rem
436 942 608 1010 debemus.
625 942 744 1034 Itaque
759 942 912 1032 quumvis
926 942 1080 1010 retulisse
1094 942 1190 1011 illum
1205 944 1350 1036 gratiam

281 1057 453 1138 dicamur,
482 1059 542 1152 qui
559 1057 763 1126 beneficium
782 1057 930 1126 libenter
949 1061 1100 1152 accepit3
1117 1059 1278 1151 jubemus
1295 1057 1349 1127 ¹ta-

280 1198 359 1243 men
375 1172 507 1265 aliquid
523 1173 633 1240 simile
649 1173 682 1240 ei
698 1170 791 1264 quod
807 1173 962 1266 aceepit,
982 1173 1140 1246 reddere.
1161 1176 1192 1244 A
1209 1197 1350 1243 conrue-

280 1291 419 1360 tudine¹
442 1289 687 1383 quaedamque
711 1288 880 1370 dicimus,
909 1287 1096 1357 abhorrent
1123 1316 1131 1356 z
1160 1287 1286 1358 deinde
1305 1289 1348 1357 de

277 1405 343 1474 ulia
364 1407 418 1472 via
441 1403 485 1472 ad
507 1403 785 1473 consuetudinem
810 1402 966 1472 redeunt.
994 1407 1164 1498 Negamus
1187 1405 1347 1497 injuriam

277 1522 432 1614 accipere
450 1512 655 1624 eapientem³
676 1534 733 1586 :et
752 1535 865 1587 tamen
881 1521 939 1612 qui
959 1519 1054 1588 illum
1069 1545 1185 1614 pugno
1200 1544 1347 1615 percue-

247 1673 249 1680 ,
276 1636 377 1716 uerit,
392 1635 594 1725 injuriarum
608 1631 837 1701 damnabitur.
848 1636 1018 1726 Negamus
1029 1658 1100 1701 rem
1115 1629 1229 1701 atulti⁴
1242 1657 1316 1702 ease
1336 1660 1343 1700 ι

275 1769 309 1821 et
327 1768 440 1820 tamen
458 1775 533 1819 eum
558 1751 617 1842 qui
636 1773 709 1818 rem
726 1750 875 1842 aliquam
896 1751 997 1818 stulto
1015 1752 1242 1845 surripuerit,
1263 1751 1345 1819 furti

274 1867 584 1939 condemnabimus.
611 1868 764 1934 Insanire
788 1891 904 1935 omnes
924 1863 1118 1953 dicimus⁵3
1140 1893 1205 1936 nee
1230 1885 1343 1938 tamen

274 2007 390 2050 omues
402 2005 559 2050 curamue
577 1975 752 2048 elleboro⁶
771 2005 780 2046 ε
799 1979 853 2048 bie
870 1982 954 2073 ipaia
975 2006 1060 2074 quoa
1078 2005 1234 2050 vocamus
1253 1983 1345 2051 insa-

274 2125 356 2181 nos,
378 2116 413 2167 et
428 2099 627 2191 suffragium
647 2113 682 2164 et
695 2097 991 2187 jurisdictioneml
1017 2100 1270 2168 committimus.
1291 2101 1347 2168 Sic

299 2259 800 2330 r.llludalterum,dequodixerat,rem'
829 2258 953 2312 timorum
968 2259 1040 2314 Pinc.
1056 2273 1081 2312 et
1090 2259 1162 2314 Grnt.
1180 2260 1255 2312 codd.
1271 2259 1346 2313 lectio

273 2343 340 2395 inter
351 2341 448 2394 animos
456 2341 520 2414 geri,
532 2359 590 2412 quat
597 2351 709 2392 mentem
717 2357 783 2412 ομι-
832 2355 910 2406 quunt
921 2337 966 2390 alii
975 2342 1069 2392 scilicet
1078 2343 1172 2392 attritos
1183 2341 1298 2392 dicimur
1305 2340 1347 2392 ba·

275 2433 318 2486 tat,
333 2419 401 2490 quod
414 2418 542 2491 epirimtle
556 2416 659 2469 barbare
674 2435 784 2468 vocarer.
831 2413 916 2478 beant,
927 2413 1023 2488 Lipsius
1033 2427 1057 2466 et
1066 2416 1147 2469 Gron.
1157 2415 1191 2484 rip*
1202 2417 1348 2470 seilimeli·

309 2520 330 2550 α.
337 2501 364 2551 Α
371 2497 560 2552 consuetudine.
570 2494 689 2567 Apposite
698 2493 785 2548 laudat
831 2491 927 2544 minato
936 2495 1029 2546 stultos
1039 2493 1171 2546 retineant.
1181 2493 1293 2547 Grutero
1301 2495 1346 2547 ad-

273 2579 373 2654 Lipaine
383 2577 485 2630 Seuere
497 2576 529 2628 de
543 2575 628 2628 Cenat.
641 2592 692 2644 rap.
704 2574 736 2636 3,
748 2592 763 2625 a
775 2611 783 2636 ‚
832 2569 936 2634 teutior,
948 2581 1079 2641 utramque
1090 2591 1179 2623 vocem
1192 2573 1346 2646 expungenti

275 2671 327 2713 not.
339 2657 369 2709 de
379 2657 467 2709 iisdem
478 2652 569 2708 Stoicis
581 2670 587 2704 :
597 2653 636 2704 Ita
645 2651 745 2704 rublate
753 2649 787 2703 al·
835 2646 977 2698 auctoribus
987 2649 1060 2700 codd.
1069 2667 1128 2701 mse
1142 2649 1227 2702 Stoice
1238 2651 1347 2704 enimlo·

275 2751 298 2790 te
311 2735 444 2809 supercilio
456 2735 484 2786 in
495 2733 583 2786 eadem
596 2751 626 2784 ac
637 2729 719 2783 ceteri
730 2729 788 2782 dee·
835 2723 920 2794 quitur
928 2727 1033 2780 Seneca.
1042 2729 1075 2778 At
1086 2725 1129 2777 illa
1140 2730 1245 2780 :scilicet
1255 2732 1347 2781 stultos

275 2814 398 2880 uenditis,
413 2809 514 2864 mutatio
527 2827 611 2862 rerum
631 2805 787 2858 nominibus.
835 2819 899 2865 esse,
911 2821 962 2854 erre
974 2802 1112 2876 glossema,
1123 2803 1196 2856 facile
1206 2818 1243 2858 eet
1254 2804 1348 2858 videre.

277 2895 343 2962 Qut
351 2901 492 2962 sequuntur
500 2899 560 2940 aunt
572 2885 701 2938 Paraduxa
712 2882 787 2938 Stoa.
836 2879 1000 2932 *Insanit-e
1017 2899 1106 2933 onmes
1122 2883 1242 2934 dicimur.
1265 2890 1348 2952 Πιμ-

277 2974 316 3026 Cl.
326 2971 403 3042 bipeii
415 2967 562 3022 lllunnduet.
570 2965 619 3027 ΙΙΙ,
631 2985 668 3016 rr.
836 2955 906 3016 δὸξον
914 2959 983 3028 quod
993 2957 1022 3010 in
1031 2959 1129 3012 deliciis
1138 2959 1217 3012 Stoici
1227 2958 1349 3026 habuere,

309 3053 331 3104 3¹
349 3051 413 3120 Neg,
424 3052 470 3116 inf,
483 3067 536 3102 aa,
548 3065 606 3115 ⁸⁰1²·
618 3043 720 3098 scilicet
733 3065 786 3098 non
837 3037 1055 3090 etrommendavit
1063 3037 1213 3104 eloquentiae
1225 3036 1349 3091 illecebris

276 3143 304 3184 ut
314 3130 425 3201 rapiens.
437 3126 482 3180 red
493 3137 522 3176 ut
531 3124 620 3186 bomo,
635 3141 733 3196 pugnos
745 3143 787 3175 ac.
837 3125 860 3164 et
870 3113 929 3165 luco
940 3113 1041 3166 Tullius
1054 3114 1142 3169 Parad.
1154 3115 1207 3178 lv,
1219 3117 1255 3168 ὅτι
1265 3118 1348 3176 πάντες

277 3206 349 3277 cepit.
361 3203 428 3256 Vide
445 3201 560 3262 Turul,
574 3199 641 3252 Libr.
655 3199 686 3251 de
700 3199 787 3252 Conr-
837 3193 858 3242 οἶ
870 3193 939 3260 μωροὶ
952 3193 1079 3260 μαίνονται.
1093 3193 1220 3263 Sequetur
1236 3205 1273 3246 est
1287 3193 1348 3246 Ho-

277 3281 354 3334 uutia
373 3277 516 3352 Sapientia,
530 3290 555 3330 et
565 3274 682 3344 inprimis
695 3295 747 3348 cap.
764 3295 785 3326 a.
835 3281 881 3320 rii·
893 3270 975 3322 Sem·
989 3269 1033 3321 lib.
1047 3271 1072 3321 ll
1084 3308 1092 3336 ,
1104 3283 1149 3322 eet·
1163 3287 1213 3334 1113
1228 3289 1288 3343 qna
1298 3283 1349 3324 tota

310 3360 333 3424 4.
350 3357 484 3424 Negamus
502 3374 555 3406 rem
570 3355 645 3406 stulti
662 3371 725 3405 eree.
743 3351 787 3403 Sic
836 3347 901 3401 circa
915 3347 963 3400 boe
975 3362 1151 3422 argumentum
1163 3364 1284 3404 versatur.

276 3437 396 3490 hermus
410 3447 433 3485 et
446 3452 512 3486 unua
525 3429 574 3504 pal.
593 3447 600 3482 ζ
617 3441 643 3483 at
662 3449 716 3482 rem
734 3446 788 3480 non
869 3425 894 3478 b.
905 3424 1057 3480 Nectamen
1066 3431 1350 3482 omnescurumusetle-

277 3523 403 3582 comparet
414 3511 440 3561 in
450 3507 586 3571 Neurod,
597 3527 642 3559 nec
653 3505 789 3576 apudViu·
836 3503 905 3556 doru.
922 3501 1055 3556 Elleborue
1069 3503 1147 3557 berba
1158 3525 1215 3577 quie
1227 3505 1260 3558 ad
1277 3507 1350 3558 insa-

277 3603 342 3643 cent.
352 3589 472 3641 bellovac.
484 3605 549 3660 spec.
563 3583 684 3637 historial.
693 3584 739 3648 Vl,
747 3581 787 3644 ab,
837 3583 907 3634 niam
927 3584 1064 3638 curandam
1089 3585 1202 3657 perutilia
1224 3585 1349 3639 centeba-

277 3669 321 3740 qui
329 3667 557 3734 babettNegamua
565 3665 640 3716 sautu
648 3666 788 3731 qru'cquam
835 3671 883 3712 tur.
897 3661 970 3716 lianc
979 3683 1007 3714 ex
1015 3663 1135 3735 Anticyra
1148 3663 1282 3716 trabebant
1292 3665 1350 3716 llo-

276 3766 332 3801 me
345 3767 352 3800 .·
364 3745 479 3798 allidant
489 3762 495 3797 :
505 3743 641 3809 Negamus
655 3743 729 3792 stulti
738 3743 788 3791 ali·
834 3741 912 3793 mani.
919 3741 1008 3793 Horat
1019 3740 1062 3792 lib.
1074 3742 1109 3806 ΙΙ,
1121 3754 1165 3794 rat.
1178 3757 1247 3794 utar
1257 3741 1349 3795 Danda

277 3829 343 3896 quid
360 3843 422 3877 esre.
442 3821 493 3876 Sed
514 3821 616 3892 vulgata
631 3817 787 3891 praeferenda
835 3831 870 3869 est
882 3817 985 3872 ellebori
998 3838 1052 3892 para
1066 3816 1147 3870 multo
1158 3817 1240 3888 major
1250 3818 1349 3880 avaria

278 3917 321 3956 eat.
329 3902 448 3954 -Stulri
454 3901 472 3951 i.
481 3897 524 3969 qui
535 3916 617 3968 neque
627 3893 786 3969 proficientes
835 3895 926 3948 Nescio
937 3915 969 3946 an
981 3895 1128 3968 Anticyram
1140 3897 1204 3950 ratio
1217 3897 1266 3950 illie
1277 3896 1349 3949 desti-

277 3999 359 4048 ireque
373 3978 495 4048 sapientes
513 3985 589 4038 aunt,
606 3975 625 4023 ei
639 3975 742 4038 φαῦλοι,
758 3983 787 4022 ut
835 3983 877 4022 net
887 3989 1014 4022 omnem.»
1026 3972 1092 4024 Pera.
1103 3973 1155 4024 Sat.
1164 3973 1209 4035 lV,
1225 3972 1269 4025 rb:
1281 3975 1350 4024 «An-

278 4057 337 4110 tales
349 4056 479 4124 privantur
489 4071 516 4104 re
526 4089 533 4116 ,
545 4068 648 4120 remque
659 4047 786 4120 publicam
835 4046 924 4120 tityrus
932 4047 1021 4100 melior
1031 4049 1130 4101 sorbere
1142 4067 1261 4101 meracas·
1273 4069 1288 4095 υ

278 4145 416 4208 capessunt.
429 4133 467 4182 Gi.
479 4127 555 4200 lipsii
567 4123 673 4180 blanud.
686 4125 732 4188 ΙΙΙ,
746 4145 785 4177 uo.
869 4147 890 4182 7·
902 4125 1006 4178 Jun‘sd.
1017 4126 1063 4178 Jua
1079 4126 1211 4178 tribunalia
1229 4145 1350 4180 conmen-

310 4211 333 4260 5.
344 4209 465 4260 Insonire
474 4225 561 4259 ornnes
574 4205 683 4258 dicimus
692 4215 727 4255 eet
739 4223 785 4276 op·
837 4203 913 4255 deudi
933 4217 958 4254 et
976 4203 1171 4277 pronuntianda
1189 4203 1298 4274 iustitiae.
