2990 4942
107 550 178 602 etiarn
196 547 255 622 ipsa
273 535 373 602 lemine
385 547 496 620 exempla
509 539 633 619 ejusmodi
651 547 890 621 suppeditaverunt,
910 544 1044 610 Lucretit,
1066 541 1169 600 Cloelia,
1267 603 1280 610 ,

109 633 242 698 Cornelias,
249 632 282 685 ad
293 653 345 706 cap.
358 633 441 684 xvu.
450 633 549 703 Ubique
560 631 675 686 locorum
689 632 772 702 itaque
787 630 852 682 mala
864 630 938 684 bouis
951 641 1009 682 suut
1021 627 1098 682 mixta
1110 627 1172 682 tsed

109 719 209 772 ttueie
219 719 292 792 plura
305 719 373 770 bona
384 717 473 770 adsunt
486 757 493 784 ,
510 737 590 788 qnuua
603 716 695 770 liberos
708 716 791 770 adbuc
805 729 830 769 et
841 727 926 790 neptes
939 714 1036 768 babeat.
1048 714 1172 780 Accedit,

108 803 177 872 qnod
188 803 239 854 lata
251 802 310 854 talia
322 801 522 855 humane-sortis
533 800 599 864 sint,
609 799 753 872 parentibus
763 811 820 852 ante
829 811 903 862 uota,
918 817 994 868 qnam
1009 797 1100 850 liberos
1114 817 1175 869 pro-

109 883 354 958 ereeutzexemplnm
366 896 404 935 est
415 883 541 956 navigatio
553 883 581 934 in
595 882 680 936 locu'm
695 880 907 944 numinianum,
921 879 1072 952 Syracusas,
1083 897 1140 950 qnae
1151 889 1176 930 et

112 969 176 1021 mala
185 982 209 1022 et
220 989 335 1043 prospera
347 988 399 1021 csse
409 980 497 1040 potest,
506 967 596 1041 adcap.
609 967 680 1020 xlx.
687 965 750 1018 lude
762 984 776 1018 s
789 985 841 1037 cap.
852 965 923 1028 xlx,
932 963 1044 1034 sequitur
1055 962 1176 1036 posterior

111 1069 184 1122 pars,
195 1049 354 1121 qnasolatiis
364 1049 514 1102 continetur.
527 1051 563 1101 ilc
574 1047 683 1121 primum
696 1046 849 1099 desiderium
860 1047 926 1118 ejus,
938 1063 1014 1116 quem
1025 1044 1174 1108 dilerimus,
1192 1095 1197 1106 ,

113 1132 241 1186 tolerabile
253 1133 357 1204 quidem
368 1151 448 1207 perse
462 1143 579 1205 apparet,
591 1131 634 1184 sed
646 1131 767 1204 opinione
779 1127 809 1182 lit
819 1127 978 1183 intolerabile
986 1146 993 1181 ι
1001 1129 1099 1180 facilins
1111 1129 1176 1182 lotus

114 1235 186 1282 mm,
199 1215 221 1270 si
235 1216 420 1290 putaverimus,
441 1216 593 1269 desideratos
610 1215 705 1268 amicos
716 1235 820 1289 peregre
831 1213 940 1280 abiisse,
959 1232 1022 1283 qnos
1039 1211 1178 1284 aliquando

112 1317 295 1369 consequamur
305 1301 452 1374 premissos.
463 1300 567 1364 Deinde
581 1300 682 1363 monet,
699 1319 731 1351 ue
745 1297 889 1373 presidium
901 1309 969 1369 putet
982 1297 1009 1348 in
1021 1293 1076 1362 filio
1087 1297 1178 1349 amisso

115 1399 179 1432 esset
188 1380 305 1452 prodesse
317 1381 386 1434 enim
398 1381 447 1434 hoc
459 1393 570 1455 tempore
579 1378 824 1452 orbitatem,quippe
836 1378 980 1432 divitiarum
992 1378 1080 1431 avidos
1090 1392 1181 1450 poten-

113 1465 190 1518 tiores
200 1465 386 1518 conciliantem.
394 1465 473 1532 Tum,
486 1466 582 1538 pergit,
592 1485 671 1537 qnnm
682 1465 830 1518 detrimenta
840 1476 883 1518 tua
894 1476 918 1515 te
927 1483 982 1517 nou
991 1476 1124 1528 moveaut;
1134 1463 1181 1516 ne'c

116 1561 166 1610 est,
179 1548 250 1620 qnod
261 1549 343 1623 primo
355 1547 403 1602 filii
415 1549 580 1612 detrimenta,
594 1550 661 1618 quod
672 1548 792 1613 decessit,
807 1562 831 1601 te
842 1567 943 1601 movere
954 1547 1067 1622 possint,
1085 1561 1114 1600 ut
1136 1545 1182 1618 qui

113 1632 193 1685 nullis
201 1633 307 1707 emplius
315 1632 389 1686 malis
400 1633 509 1686 allicitur
516 1633 544 1685 in
553 1651 672 1704 magnam
679 1646 703 1685 et
713 1646 833 1686 [eternam
843 1631 1050 1703 tranquillitatem
1062 1645 1086 1683 et
1095 1631 1182 1705 pacem

116 1731 223 1772 evectus.
235 1718 354 1789 Sequitur
365 1718 441 1779 iude,
453 1730 560 1770 mortem
574 1737 626 1771 esse
640 1717 783 1770 felicitatem
801 1736 941 1780 summam,
957 1735 1014 1787 quse
1028 1716 1104 1770 bonis
1123 1719 1185 1771 viris

116 1803 263 1878 contingere
275 1803 360 1878 possit.
373 1802 431 1872 Qua
441 1803 575 1856 occasione
586 1804 642 1856 data
653 1801 741 1855 mortis
752 1803 897 1855 encomium
907 1801 1040 1876 adiungit,
1049 1822 1102 1878 esp.
1113 1804 1184 1882 xlx,

115 1889 339 1960 1X.Neeaugere
350 1901 374 1940 te
387 1900 478 1962 potest,
489 1886 557 1958 quud
569 1907 620 1940 non
637 1887 743 1940 tamdiu
754 1886 857 1954 vixerit,
873 1907 948 1956 quam
962 1887 1091 1960 potuisset,
1106 1909 1186 1958 quum

113 1988 201 2026 tamen
217 1973 329 2048 primum
348 1973 444 2038 nescis,
465 1993 497 2026 au
517 1969 572 2026 lilio
588 1967 692 2045 longior
709 1973 761 2024 vita
784 1971 939 2044 expedierit,
958 1972 1076 2025 omnibns
1093 1975 1186 2049 quippe

117 2057 194 2113 rebus
207 2057 342 2110 mutationi
359 2057 560 2129 subjacentibus:
572 2057 664 2110 deinde
681 2057 764 2131 cogita
776 2057 854 2110 animi
865 2057 937 2110 mille
946 2056 1015 2110 labes
1025 2070 1049 2111 ct
1060 2073 1187 2134 corrupte-

117 2145 157 2198 las
171 2157 246 2214 atque
261 2161 345 2208 casus,
365 2142 455 2214 quibus
472 2143 522 2196 vita
542 2143 654 2195 hnmana
671 2142 780 2216 exposita
796 2157 844 2206 est,
861 2161 883 2194 e.
900 2161 922 2195 c.
934 2143 1067 2209 incendia,
1080 2144 1186 2210 ruinas,

118 2229 234 2294 morbos,
243 2227 371 2293 exsilium,
383 2246 507 2293 carceres,
514 2241 562 2308 ete.
570 2229 654 2303 lpsum
663 2227 709 2281 tibi
717 2241 812 2302 patrem
824 2227 1106 2302 proponas,bominem
1118 2251 1189 2303 egre·

77 2313 79 2316 ’
117 2313 209 2384 gimo,
228 2312 273 2382 qni
291 2312 325 2365 ob
345 2330 426 2363 unum
447 2323 492 2363 aut
513 2309 618 2364 alterum
636 2311 738 2366 liberius
759 2311 853 2365 dictum
876 2312 902 2365 in
924 2311 1046 2382 Seianum
1061 2329 1189 2368 accusatus

118 2397 199 2448 vitam
216 2395 302 2448 inedia
316 2393 389 2449 linire
401 2408 500 2448 coactus
521 2408 565 2448 est.
581 2397 621 2450 tt
637 2395 690 2450 brec
702 2393 769 2448 filius
781 2407 838 2448 tuns
851 2393 915 2448 bene
929 2395 1037 2468 ideoque
1054 2397 1100 2451 diu
1111 2399 1189 2454 vixit:

118 2480 210 2534 landes
220 2479 330 2542 ltletilii,
344 2479 446 2542 xxm,
459 2479 558 2535 XXIV.
572 2480 684 2535 Proinde
697 2481 792 2534 luetnm
807 2479 906 2534 minuas
917 2493 961 2534 aut
972 2481 1045 2535 tollas
1057 2502 1064 2536 :
1075 2484 1190 2538 llletilius

120 2565 192 2618 euim
212 2563 240 2616 in
260 2561 321 2616 locis
341 2561 510 2636 superioribus
525 2581 623 2616 summa
640 2563 758 2617 felicitate
777 2563 934 2616 inriturcnm
947 2563 1123 2638 Scipionibus,
1140 2567 1191 2620 Ca-

120 2649 241 2715 tonibus,
260 2659 304 2701 etc.
322 2660 414 2700 etcum
430 2667 477 2700 avo
492 2667 553 2713 sno,
570 2648 641 2720 eujus
654 2644 774 2701 allocutio
790 2648 822 2701 ad
834 2645 914 2701 liliam
934 2649 1057 2702 Marciam
1070 2652 1192 2724 egregia,

117 2751 173 2805 qna
189 2752 246 2785 eam
264 2732 358 2785 solatur
375 2744 400 2784 ct
417 2731 507 2804 erigit,
526 2743 551 2784 et
562 2751 657 2805 magno
672 2743 715 2784 ore
730 2731 764 2785 ad
781 2751 869 2806 supera
886 2732 930 2785 illa
943 2744 967 2784 et
982 2733 1037 2787 eseli
1052 2737 1193 2808 spectacula

123 2830 203 2872 vocat
214 2855 222 2883 ,
232 2814 398 2872 consolationi
409 2829 500 2870 nostras
511 2814 589 2869 linem
601 2817 718 2890 imponit.
1116 2816 1117 2822 ’

156 2899 262 2961 blarria,
275 2897 393 2973 gratiosa,
403 2897 476 2951 docta
489 2909 513 2949 et
524 2897 596 2950 dives
605 2910 720 2952 matrona
731 2901 860 2965 Romana,
871 2901 902 2954 ad
914 2923 990 2973 quam
1002 2902 1056 2956 brec
1067 2903 1194 2958 Consola—

121 2983 164 3036 tio
182 2983 258 3036 misse
275 2981 338 3044 luit,
356 2980 411 3034 lilia
426 2985 455 3034 Α.
469 2979 593 3035 Cremutii
605 2981 700 3048 Cordi,
714 2981 758 3052 qui
769 3002 848 3054 quum
861 2982 888 3035 in
901 2983 1013 3038 historiis
1023 2986 1074 3038 suis
1086 2985 1195 3040 Brutum

122 3065 252 3118 laudasset
265 3078 290 3116 et
303 3062 416 3116 Cassium
429 3063 598 3127 nominasset,
611 3075 640 3116 ut
652 3063 743 3136 posteri
755 3062 872 3138 deinceps
881 3065 1057 3132 nominavere,
1072 3070 1195 3122 ultimum

123 3145 320 3210 mamm,
328 3157 453 3198 accusatus
461 3144 488 3196 in
496 3145 591 3198 Senatu
600 3143 648 3196 fuit
659 3163 719 3196 aun.
731 3144 763 3196 U.
775 3143 804 3196 C.
819 3165 876 3216 777,
884 3147 894 3212 (
903 3145 956 3200 sive
966 3147 1105 3200 secundum
1117 3151 1197 3202 Taci-

124 3243 184 3282 tum
199 3231 257 3298 778,
266 3232 321 3296 let,
334 3228 515 3299 necquicquam
526 3239 580 3280 acta
594 3247 684 3294 causa,
696 3227 852 3300 imperatoris
866 3231 917 3299 jam
933 3242 958 3282 et
970 3232 1056 3303 Seiani
1068 3233 1197 3288 intellecto

125 3313 204 3378 odio,
215 3313 303 3366 inedia
312 3312 387 3364 vitam
401 3311 468 3364 [iniit
478 3315 489 3376 (
498 3313 552 3364 vid.
561 3313 601 3363 ad
609 3311 652 3364 lib.
664 3312 692 3380 l,
703 3331 755 3385 cap.
768 3315 810 3380 a).
823 3313 945 3366 Stevitum
961 3329 1016 3389 post
1027 3318 1136 3370 auctoris
1149 3339 1199 3372 nc·

123 3417 185 3450 cern
197 3397 225 3448 in
236 3395 303 3469 ipsos
314 3394 406 3459 libros,
419 3408 443 3447 et
455 3395 516 3468 igne
531 3393 655 3469 absumpti
666 3395 693 3448 in
705 3396 760 3449 loro
778 3416 884 3450 romano
900 3411 958 3450 sunt
977 3400 1045 3469 quod
1065 3400 1158 3454 libcros
1176 3417 1200 3456 et

128 3479 242 3534 excelsm
252 3491 277 3531 et
288 3480 417 3532 llomanos
426 3497 485 3530 vere
494 3477 593 3548 spiritns
603 3477 734 3530 nuntiabat
742 3499 749 3542 3
757 3498 816 3532 moa
826 3493 927 3546 umen,
939 3480 995 3534 Caii
1005 3482 1114 3552 imperio
1124 3526 1130 3549 ,
1143 3507 1200 3538 rnr-

129 3583 175 3618 sus
196 3581 320 3616 emersere
338 3563 365 3614 in
384 3563 466 3615 lucem
485 3561 605 3614 damnata
616 3574 640 3614 et
651 3561 750 3636 publice
768 3577 925 3618 concremata
941 3585 1024 3638 opera.
1043 3567 1104 3629 Vid.
1120 3569 1200 3622 'l'acit

129 3647 229 3700 Annal.
250 3647 297 3712 lV,
317 3665 370 3720 cap.
388 3646 428 3698 35.
447 3645 524 3713 Quod
540 3645 573 3698 ad
590 3645 713 3698 Marciam
725 3647 805 3719 ipsam
817 3649 940 3721 pertinet,
959 3650 1003 3703 illa
1019 3652 1103 3724 plnres
1120 3674 1201 3706 annos

129 3733 230 3785 lnaerat
242 3744 349 3784 mortem
360 3729 449 3804 patris:
460 3730 590 3798 sedaverat
602 3730 670 3784 bunc
681 3731 794 3796 luctum,
809 3753 887 3800 quum
899 3733 983 3787 subito
995 3735 1062 3788 lilius
1074 3738 1138 3808 ejus,
1150 3741 1202 3792 llle·

129 3815 203 3869 tiliua
210 3815 312 3888 optime
318 3815 370 3889 spei
379 3815 419 3868 vir
426 3817 506 3883 (conl.
513 3835 565 3888 cap.
572 3815 677 3884 mv),
683 3827 763 3869 morte
773 3827 869 3868 mature
881 3816 1111 3892 eriperetur.Qnem
1122 3844 1203 3894 quum

129 3913 183 3953 tres
196 3919 278 3953 annos
292 3899 426 3952 continuos
441 3899 492 3972 jam
507 3899 608 3952 luxisset
621 3896 832 3972 pertinacissime,
845 3900 933 3954 solatia
948 3903 1024 3956 matri
1039 3907 1204 3979 preparauda

130 3986 183 4038 sibi
193 3984 324 4059 proposuit
331 3983 429 4038 Noster.
437 3985 477 4038 De
489 3997 610 4057 ternpore,
621 4005 672 4055 quo
684 3984 738 4040 brec
750 3983 898 4039 Consolatio
910 3987 1054 4061 scriptasit,
1066 3989 1133 4044 nibil
1143 3994 1205 4046 certi

133 4068 238 4122 deliniri
252 4081 341 4144 potest.
356 4068 440 4143 lipsio
456 4082 540 4123 tamen
557 4067 687 4143 probabile
700 4069 763 4136 luit,
779 4069 825 4121 sub
845 4069 969 4138 Claudio,
983 4083 1008 4125 et
1022 4086 1078 4144 post
1090 4074 1205 4129 exsilium

132 4153 242 4207 Seneca
249 4153 367 4227 scriptam
373 4173 433 4207 esse.
440 4152 601 4207 Snb’l’iberio
607 4151 676 4206 enim
683 4167 784 4206 auctum
791 4154 859 4208 huuc
864 4155 991 4210 Metilium
1000 4158 1139 4212 bonoribus
1145 4161 1206 4213 veri-

310 4252 353 4317 [l.
722 4263 723 4268 ’
1063 4255 1083 4318 8
