2894 4936
347 503 413 568 628
670 495 740 563 DE
767 495 1077 569 BENEFICIIS

348 653 415 719 qus
431 627 591 719 deinceps
611 625 713 694 multo
731 642 809 694 sunt
825 628 931 709 ostia,
950 653 1025 720 quae
1040 617 1193 724 receptos
1206 655 1346 722 quoque
1358 656 1410 698 ex-

346 745 499 814 cludunt.

395 863 557 932 XXXIV.
584 860 685 953 Apud
706 884 767 928 nos
790 861 891 953 primi
918 862 1066 928 omnium
1089 863 1129 931 C.
1158 861 1358 948 Gracchus,
1380 881 1409 930 et

345 1002 420 1046 mox
436 979 552 1047 Livius
568 977 699 1046 Drusus
715 978 936 1045 instituerunt
948 991 1130 1071 segregare
1146 978 1280 1047 turbam
1296 1003 1407 1060 snam,

346 1108 381 1160 et
393 1092 477 1160 alios
496 1092 533 1158 in
552 1106 719 1158 secretum
732 1093 909 1182 recipere,
933 1091 1017 1159 alios
1039 1116 1115 1160 enm
1129 1091 1313 1185 pluribus,
1334 1093 1410 1160 alios

345 1210 521 1277 universos
535 1218 557 1278 ,¹.
575 1206 776 1274 Habuerunt
789 1208 903 1298 itaque
917 1208 972 1275 isti
985 1209 1109 1277 anticos
1122 1211 1275 1300 primos,
1290 1207 1410 1276 babne·

343 1343 427 1394 runt
442 1323 642 1404 secundos²,
664 1347 837 1414 nunquam
856 1317 991 1392 veros³.
1011 1323 1165 1393 Amicum
1184 1347 1301 1408 vonas,
1323 1327 1410 1418 enjus

346 1440 538 1533 disponitur
562 1437 746 1504 salutatio?
762 1454 822 1505 aut
838 1453 948 1531 potest
964 1440 1066 1531 hujus
1079 1439 1149 1506 tibi
1168 1455 1291 1532 patere
1308 1439 1405 1518 fides,

346 1558 405 1649 qui
422 1555 587 1649 perfores
602 1553 749 1646 maligne
766 1569 899 1645 apertas
920 1579 988 1621 non
1007 1556 1133 1636 intrat,
1156 1553 1217 1622 sed
1237 1553 1409 1622 illabitur?

304 1697 319 1728 2
346 1673 434 1740 Huic
450 1669 629 1763 pervenire
641 1661 747 1759 usque
760 1667 804 1736 nd
815 1665 1102 1763 distringendom⁴
1113 1671 1310 1738 libertatem
1323 1671 1405 1743 licet.

346 1788 442 1878 cujus
459 1785 598 1878 vulgare
617 1799 652 1851 et
670 1783 844 1876 publicum
861 1784 1005 1853 verbum
1024 1802 1059 1853 et
1072 1787 1305 1880 promiscuum
1320 1789 1410 1878 igno-

347 1905 408 1984 tis,
422 1897 591 1982 Ave‚'non
605 1899 670 1967 nisi
684 1922 744 1968 suo
760 1899 880 1968 ordine
894 1903 1060 1969 emittitur
1072 1905 1087 1970 Ρ
1098 1901 1151 1969 Ad
1165 1925 1409 1995 quemeumque

345 2019 460 2109 itaque
478 2019 617 2085 istorum
635 2017 796 2100 veneris,
815 2040 958 2107 quorum
979 2018 1133 2085 salutatio
1150 2017 1276 2085 urbem
1292 2041 1409 2084 concu-

346 2128 419 2216 tit⁵,
437 2134 542 2215 scito,
563 2133 663 2200 etiarn
681 2133 709 2199 si
726 2130 1006 2201 animadverteris
1024 2133 1176 2201 obsessos
1194 2135 1332 2226 ingenti
1345 2135 1409 2201 fre-

345 2250 485 2341 quentia
508 2239 635 2329 vicos⁶‚
659 2263 693 2315 et
715 2249 991 2316 commeantium7
1021 2251 1056 2317 in
1083 2266 1265 2340 utramque
1286 2267 1407 2340 partem

345 2369 490 2436 catervis
505 2367 629 2434 itinera
642 2388 854 2457 compressa,
878 2380 988 2433 tomen
1003 2368 1120 2434 venire
1135 2383 1167 2434 te
1180 2369 1218 2434 in
1232 2365 1346 2436 locum
1359 2369 1410 2436 bo
1441 2397 1442 2449 l

306 2509 322 2561 3
347 2485 494 2552 minibus
507 2483 663 2576 plenum,
677 2482 792 2549 amicis
804 2505 958 2549 vacuum.
975 2483 1015 2552 Iu
1031 2497 1169 2575 pectore
1181 2485 1332 2566 amicus,
1350 2509 1408 2551 non

347 2603 383 2670 in
397 2595 504 2670 atrio⁸
520 2598 681 2690 quaeritur
693 2622 701 2682 3
714 2596 1002 2690 illo'reoipiendus
1017 2614 1087 2680 est,
1108 2598 1178 2666 illic
1193 2600 1406 2682 retinendus,
1440 2615 1441 2637 ¹

380 2847 501 2900 XXXIV.
512 2848 581 2900 Ans.
593 2845 659 2897 Nam
673 2841 759 2894 lelites
769 2853 793 2894 et
804 2859 854 2913 po·
903 2841 1126 2912 cessarinm,qusm
1133 2843 1367 2916 Liptiimumqnid
1375 2847 1409 2897 tt?

349 2936 428 2978 tentes
442 2917 701 2994 paucisveritunicis
712 2916 831 2991 gandent.
937 2919 960 2984 4.
978 2919 1216 2989 Distringmdam,
1244 2923 1410 2983 solvendam,

385 3021 407 3054 ι.
417 3004 501 3072 Apud
510 3021 606 3054 nos......
614 3003 751 3052 liniemus.
764 2997 803 3050 Cf.
815 2998 855 3050 Li·
904 2996 1036 3050 larundam
1047 3036 1054 3061 ,
1067 3017 1143 3068 qnam
1154 3012 1235 3052 metus
1244 3013 1269 3052 et
1277 3001 1408 3052 reverentis

349 3083 398 3156 prii
411 3095 463 3136 not·
478 3083 510 3136 nd
521 3081 600 3135 Tacit.
613 3079 668 3144 Vl,
686 3099 702 3152 9
721 3091 746 3130 et
756 3077 856 3131 Etnesti
905 3075 994 3128 retinet
1005 3096 1034 3128 sc
1045 3076 1114 3128 velut
1126 3077 1236 3130 clausam
1248 3089 1326 3130 tenet.

351 3182 443 3216 erotus.
457 3161 489 3214 sd
507 3161 613 3214 Sueton.
628 3157 685 3211 Tib.
704 3157 744 3221 46.
757 3156 858 3222 Spectat
939 3157 962 3204 5.
979 3150 1099 3222 Quorum
1112 3157 1241 3206 salutatio
1252 3156 1345 3208 urbem
1358 3175 1409 3208 coo·

351 3243 402 3295 buc
414 3238 608 3294 eontnbernium
625 3274 632 3299 ,
648 3233 715 3305 quod
735 3231 858 3300 Romanis
906 3233 974 3282 cutis.
988 3230 1071 3299 Quem
1084 3243 1112 3282 ut
1121 3229 1232 3282 salutent
1249 3232 1354 3286 clienta
1371 3250 1408 3303 pet

353 3338 411 3371 enm
425 3314 580 3391 pbilosophis
589 3311 694 3382 sliisqns
705 3309 784 3363 doctis
793 3327 858 3380 με·
907 3305 995 3358 orbern
1007 3318 1084 3358 totam
1097 3305 1240 3360 discurrunt
1252 3347 1259 3372 ,
1274 3309 1310 3361 ita
1319 3322 1349 3362 nt
1361 3327 1407 3360 on·

353 3396 388 3450 cis
401 3434 408 3459 ,
422 3408 484 3458 eto,
497 3389 650 3456 intercessit,
671 3408 692 3442 s.
712 3408 734 3440 o.
752 3385 859 3460 Augusti
908 3385 950 3436 nin
962 3385 1115 3438 simulmots
1133 3385 1273 3438 videantur·
1285 3385 1408 3438 Quot

353 3493 411 3526 corn
427 3474 492 3524 Areo
509 3466 674 3544 philosopho,
694 3466 800 3519 Sueton.
820 3465 862 3532 89.
909 3462 933 3514 b.
948 3463 964 3514 l.
977 3461 1003 3514 in
1017 3483 1090 3516 sensu
1103 3463 1200 3536 pmivo
1212 3463 1343 3536 accipitur.

354 3548 500 3604 Maeeenatis
522 3565 580 3599 eum
605 3544 729 3608 Horatio,
751 3541 860 3614 Virgilio
942 3539 966 3592 6.
983 3542 1060 3593 Viros
1072 3539 1173 3614 plateas.

354 3629 474 3698 aliisque,
485 3625 573 3678 Horat.
584 3622 658 3674 suir.
669 3620 681 3671 l
692 3623 737 3686 ,5,
750 3619 862 3690 etoEgit
943 3637 966 3682 7·
980 3617 1203 3684 Commeantiwn,
1218 3619 1263 3688 qni
1283 3619 1336 3688 jorn
1350 3617 1406 3670 salr-

356 3707 387 3758 ‹le
397 3705 446 3759 boe
454 3700 618 3757 contubernio
627 3697 815 3769 GieriginExc.
824 3697 860 3762 ll,
910 3706 1045 3761 ternant,
1070 3695 1114 3748 alii
1135 3695 1181 3767 qui
1202 3695 1336 3748 „tonsuri
1353 3707 1406 3746 sunt.

356 3763 652 3852 aurbunppron.
911 3771 1404 3846 conmutatiorogitemus

389 3879 412 3910 a.
421 3857 581 3910 Habuerunt
589 3854 719 3928 secundos.
733 3849 775 3904 Sit
786 3850 860 3904 codd·
910 3851 957 3918 462
971 3863 1022 3903 not.
1031 3849 1077 3902 nbi
1087 3850 1139 3903 vit.

356 3933 445 4008 optimi
462 3970 469 3997 ‚
490 3951 560 3997 non,
577 3943 602 3984 et
620 3948 667 3982 sec.
941 3930 964 3982 8.
982 3928 1019 3979 In
1034 3931 1110 3980 atrab.
1124 3927 1250 3980 vestibuli
1268 3947 1349 4000 geom
1365 3945 1404 3997 qno

389 4013 412 4064 3.
421 4013 564 4082 Nmrquam
571 4027 739 4064 verosonrnos
746 4005 863 4060 exhibent
908 4005 1010 4059 clientes
1027 4017 1051 4057 et
1067 4005 1143 4057 amici
1163 4005 1346 4058 eonssluutnri
1356 4022 1402 4056 ooo·

356 4089 429 4144 codd.
443 4089 579 4144 Pincisnns
591 4101 675 4142 tamen
687 4086 792 4152 maluit,
803 4105 864 4138 rreu-
907 4081 1026 4136 linebant.
1039 4082 1127 4134 Horat.
1138 4100 1145 4136 z
1156 4103 1169 4128 ι
1186 4082 1259 4134 Atria
1278 4095 1401 4136 masten

356 4181 409 4222 tros
419 4187 507 4232 vemt,
516 4153 806 4238 bunm'ernendntionem
815 4174 864 4214 sta·
907 4161 1002 4235 postico
1014 4159 1073 4212 folle
1086 4160 1214 4213 clientem.
1224 4181 1238 4206 ι
1255 4159 1309 4212 set
1321 4161 1364 4230 jan
1371 4177 1402 4208 sr-

357 4245 401 4298 tim
417 4241 864 4317 recepitbluretus,nonmngisos-
909 4239 1066 4314 prolongins
1080 4237 1285 4292 disseruimus&
1299 4237 1353 4290 bot.
1431 4285 1432 4331 p
