2976 4944
289 452 331 516 28
578 446 648 514 DE
673 445 1051 520 PROVIDENTIA

286 599 351 669 ego
367 575 623 643 mirmillonem¹
642 579 706 646 sub
724 582 763 648 C.
785 581 916 648 Caesare
934 573 978 646 de
994 583 1131 650 raritate
1146 588 1347 650 'munerum

286 688 400 757 audivi
419 706 617 780 querentem
637 719 644 758 ε
666 721 682 758 o
697 694 810 786 Quam
826 689 934 773 bella,
952 692 1065 783 inquit
1073 697 1088 776 ,'
1105 711 1183 764 setas
1201 689 1307 788 perit!
1330 718 1347 753 u

286 803 396 874 Avida
412 822 463 873 est
478 808 622 898 periculi
639 811 769 891 virtus,
791 822 825 875 et
834 831 909 900 quo
927 805 1064 892 tendat,
1087 835 1155 879 non
1170 809 1254 903 quid
1271 832 1351 902 pas-

287 945 366 990 sura
387 923 448 1004 sit,
474 924 623 1016 cogitat,
640 926 799 1017 quoniam
818 940 853 992 et
873 922 966 1015 quod
982 947 1122 1017 passura
1140 943 1212 1009 est,
1235 925 1354 1019 gloriae

287 1059 366 1130 pars
378 1054 441 1105 est.
457 1038 623 1108 Militares
635 1041 701 1108 viri
716 1041 905 1134 gloriantur
918 1040 1137 1123 vulneribus,
1158 1043 1226 1110 laeti
1240 1043 1353 1110 fluen-

288 1169 356 1222 tem
375 1154 507 1222 meliori
524 1150 625 1223 casu³
646 1158 844 1250 sanguinem
866 1151 1072 1225 ostentant⁴.
1093 1159 1187 1227 Idem
1206 1158 1286 1228 licet
1300 1158 1352 1225 le·

288 1267 421 1351 cenat,
440 1270 500 1361 qui
518 1270 644 1364 integri
658 1287 876 1339 revertuutur
889 1294 930 1337 ex
943 1271 1014 1339 soie
1031 1321 1040 1355 ,
1058 1275 1165 1366 megia
1182 1286 1354 1366 spectatur

248 1411 263 1461 ς
289 1385 349 1476 qui
366 1385 499 1453 saucius
517 1383 619 1453 redit.
642 1387 748 1479 ipsis,
769 1388 930 1478 inquam,
955 1387 1048 1454 Deus
1066 1383 1245 1471 consulit⁵,
1268 1411 1353 1478 quos

289 1525 481 1593 essequam
500 1502 752 1572 honestissimos
770 1503 865 1594 cupit
876 1496 910 1582 ⁶,
938 1504 1070 1593 quoties
1089 1505 1157 1572 illis
1179 1505 1351 1572 materiam

288 1615 441 1708 praebet⁷
460 1615 590 1707 aliquid
607 1617 757 1685 animose
774 1617 975 1708 fortiterque
993 1617 1139 1687 faciendi
1161 1645 1168 1684 ε
1189 1617 1233 1685 ad
1252 1641 1353 1711 quam

290 1755 363 1799 rem
385 1755 469 1824 opus
496 1748 547 1799 est
571 1732 686 1824 aliqua
704 1756 819 1800 rerum
841 1731 1053 1802 difficultate.
1083 1736 1354 1804 Gubernatorem

291 1845 327 1913 in
346 1860 561 1936 tempestate,
582 1847 618 1912 in
634 1847 706 1912 acie
724 1846 864 1913 militem
881 1840 1086 1940 intelligas⁸.
1108 1847 1206 1916 Unde
1220 1872 1355 1942 possum

329 2056 348 2086 ι.
364 2033 504 2102 Triumphe
528 2054 574 2104 ego
598 2021 798 2098 minaturum,

849 2035 936 2108 Epigr.
947 2051 992 2088 xvr
1010 2054 1017 2088 ι
1036 2059 1049 2083 κ
1062 2037 1114 2092 Das
1135 2037 1298 2112 gladiatores,
1315 2057 1358 2089 su·

292 2111 379 2164 reduxi
394 2133 407 2163 e
422 2110 496 2163 codd.
507 2111 663 2184 Triumphus
675 2111 744 2162 enim
757 2130 799 2162 no·

849 2124 931 2164 torum
944 2112 1045 2183 regule,
1057 2115 1131 2166 cerdo
1141 2113 1162 2166 !·›
1175 2115 1235 2166 Mox
1248 2113 1291 2164 lib.
1307 2114 1355 2178 lll,

293 2209 352 2244 men
364 2201 400 2240 est
407 2188 569 2262 gladiatoris,
583 2189 685 2260 ejusque
692 2187 801 2240 nobilio-

293 2268 343 2333 ris,
354 2267 535 2331 viribus,arte,
545 2278 649 2328 ornatu,
662 2264 802 2318 eocelebri-

294 2344 351 2397 talis
365 2343 506 2418 progressi,
522 2355 551 2394 ut
568 2342 653 2406 huuc,
673 2341 801 2412 aliumque

295 2422 336 2475 cui
345 2441 440 2474 nomen
451 2421 571 2494 Myrino,
594 2420 623 2471 C.
639 2419 739 2484 Cesar,
754 2419 801 2470 im·

294 2500 378 2572 pensis
385 2499 435 2552 suis
442 2537 450 2564 ,
457 2497 622 2572 propriossibi
633 2511 657 2550 et
665 2496 802 2568 peculiares

295 2577 380 2630 aleret.
395 2577 455 2629 Vid.
473 2578 577 2628 Sueton.
592 2575 689 2628 Domit.
708 2593 761 2646 cap.
778 2572 803 2636 4.

294 2653 336 2706 De
352 2665 458 2724 utroque
470 2654 627 2706 mentionem
641 2673 742 2724 quoque
758 2651 804 2703 in-

294 2732 354 2805 jecit
366 2731 508 2798 Martialis,
524 2731 612 2804 Epigr.
627 2745 676 2794 xx,
689 2728 721 2782 de
739 2728 804 2800 Spe·

296 2810 399 2862 ctaculis
411 2811 492 2875 (nost.
502 2809 541 2862 ed.
551 2811 625 2862 Tom.
637 2810 663 2871 l,
674 2828 730 2882 pag.
741 2807 802 2872 32),

295 2885 340 2936 ubi
353 2904 360 2938 ι
372 2908 384 2931 s
397 2887 465 2938 Dum
482 2899 575 2960 peteret
586 2907 641 2959 pars
652 2886 707 2940 latee
721 2885 804 2957 lllyri-

297 2983 375 3030 num,
388 2984 443 3037 pars
455 2964 499 3017 illa
508 2964 693 3036 Triumphum,
705 2961 804 3014 Promi-

298 3041 330 3092 sit
345 3035 443 3111 'pariter
463 3041 546 3095 cesar
566 3054 670 3111 utraque
692 3059 778 3092 manu.
790 3061 803 3084 ν

299 3118 512 3174 Ruben.etGron.
519 3119 620 3172 emend·
629 3117 803 3186 Triumphum

850 2191 935 2264 Eplgt·
951 2207 1008 2259 ux,
1022 2213 1082 2246 vot
1100 2211 1107 2245 ε
1124 2193 1243 2257 «Sutor,
1266 2192 1359 2258 credo,

850 2267 920 2320 dedit
928 2269 973 2320 tibi
983 2307 990 2332 ,
1002 2269 1068 2321 culta
1079 2269 1199 2322 Bononia
1206 2288 1328 2322 munus.»
1348 2317 1350 2322 .

884 2347 907 2398 3.
920 2347 1028 2400 Meliori
1037 2367 1107 2400 cosu-
1122 2347 1141 2398 l.
1154 2367 1175 2398 e·
1192 2346 1218 2398 iu
1231 2367 1257 2398 re
1272 2358 1356 2418 gesta,

850 2441 907 2495 quse
919 2423 1018 2476 felicior
1034 2423 1083 2475 sibi
1099 2421 1358 2492 honorificentiusque

849 2519 926 2572 quam
937 2500 994 2552 aliis
1013 2500 1075 2564 fuit3
1095 2503 1185 2553 melior
1203 2501 1270 2552 idem
1283 2519 1358 2569 quam

851 2577 1005 2632 clementiora
1017 2579 1091 2652 Virg.
1103 2579 1166 2631 AEn.
1176 2577 1218 2629 lib.
1231 2578 1294 2639 llll,
1309 2597 1360 2628 ves.

855 2677 881 2726 ¹7
907 2677 941 2722 ‚a
976 2693 983 2707 .

885 2677 908 2802 l.
921 2657 1120 2802 Lieliflmnsem
1122 2768 1161 2782 .....
1179 2731 1360 2785 ostentantis

853 2810 1205 2882 est,ostentantsanguinem,
1217 2809 1295 2861 ictum
1307 2825 1360 2859 uon

852 2889 1026 2950 mortiferum,
1048 2907 1101 2939 non
1121 2905 1211 2960 corpus
1229 2885 1360 2938 mutilatu-

853 2963 1362 3037 rum,nccspemcurationishaudtcrum-

855 3065 922 3098 nosse
943 3043 1095 3095 adimentem
1110 3061 1117 3093 ι
1130 3041 1261 3093 Gronovio
1284 3040 1361 3091 inter-

852 3133 929 3196 prete.

298 3197 805 3269 egomirms'llonemquodverumesseet
885 3201 908 3250 5.
918 3199 991 3265 Ipsis
993 3231 1033 3246 ·····
1046 3195 1120 3248 Deus
1129 3200 1246 3249 consulit.
1261 3196 1358 3248 Eorum

299 3276 507 3328 amanuSenece
518 3274 803 3348 putans,iaeontextum
853 3277 921 3329 bono
935 3287 959 3328 et
972 3273 1086 3327 felicitati
1097 3273 1227 3346 invigilat,
1243 3272 1274 3325 iis
1285 3272 1362 3344 grati-

299 3365 445 3406 tamennon
453 3352 551 3406 admisi.
562 3350 676 3404 Antehac
687 3363 804 3402 neutrum
853 3355 949 3406 fiatur.

300 3429 328 3480 in
354 3430 410 3482 cod.
433 3429 572 3503 legebatur.
597 3429 752 3498 Legum,
777 3426 804 3478 in
886 3427 1363 3498 6.Quamlsonestissimoseupit.Ho·

299 3519 366 3565 textu
377 3506 457 3559 latino
470 3520 525 3580 post
543 3509 616 3560 bellis
633 3505 718 3558 scribit
728 3503 800 3571 Ego,
853 3507 1013 3560 nestissimos
1031 3516 1068 3557 est
1089 3504 1116 3556 in
1136 3505 1212 3557 decus
1233 3524 1361 3558 summurn

299 3580 804 3660 suppressavoceTriumplso.ldcmlsabet
853 3595 984 3658 provectos
998 3595 1023 3634 et
1037 3581 1146 3634 maxime
1158 3581 1255 3634 honore
1267 3582 1363 3634 tonde-

300 3666 396 3742 Bipont
405 3660 804 3733 sdic-Minm'ttogtsdistorum
855 3662 985 3716 corandos.
997 3661 1026 3714 ld
1038 3659 1140 3724 monui,
1155 3679 1188 3711 ne
1198 3679 1256 3712 eum
1269 3660 1362 3711 Nostro

301 3761 395 3814 genus,
410 3761 465 3795 eum
475 3741 572 3793 Threce
586 3738 807 3791 etlletiariocom·
854 3743 994 3810 Lagmage
1012 3737 1185 3804 hallucineris,
1206 3737 1250 3807 qni
1270 3737 1305 3788 sic
1324 3737 1363 3788 in·

300 3821 363 3894 poni
378 3819 489 3872 solitum.
501 3817 602 3871 Ernesti
615 3815 756 3868 Clausit.
775 3813 807 3866 ad
855 3829 1024 3891 terpretatur:
1047 3815 1111 3866 «De
1133 3835 1194 3867 ceux
1218 3814 1281 3885 qu’il
1302 3825 1363 3866 veut

301 3900 367 3953 hanc
382 3917 479 3950 vocem·
856 3899 938 3950 elever
949 3895 997 3946 tls
1008 3904 1087 3944 vertu-
1099 3908 1112 3936 s

334 3977 509 4028 a-Mrsnerum·
516 3973 610 4025 Munus
619 3970 807 4044 gladiatorium,
890 3993 911 4041 7.
923 3970 1030 4041 Quoties
1039 3970 1094 4021 ills's
1104 3969 1242 4020 maurium
1251 3964 1363 4034 prebet,

302 4067 326 4108 et
336 4052 498 4106 hincmarus
507 4051 576 4114 dare,
583 4067 691 4123 persaepe
699 4047 808 4101 occurrit
855 4047 1072 4105 etelielerendum
1080 4045 1151 4110 idus
1159 4056 1183 4096 et
1190 4062 1245 4113 quae
1253 4061 1364 4110 sequun-

300 4150 346 4203 pro
354 4130 505 4202 gladiatores
514 4129 653 4202 spectaculo
662 4127 729 4179 dare.
739 4127 808 4180 Mar·
854 4141 895 4179 tur
906 4163 912 4190 ‚
925 4145 977 4178 non
989 4124 1022 4177 ad
1031 4127 1114 4192 cupit,
1128 4122 1170 4176 sed
1181 4122 1213 4174 ad
1229 4121 1348 4174 consulit.

301 4208 353 4260 tial.
374 4207 406 4259 dc
424 4209 512 4261 eodem
535 4206 655 4270 homine,
677 4204 734 4258 libr.
752 4205 806 4268 ill,
889 4205 912 4256 8.
929 4202 1133 4256 Gubematorem
1144 4203 1365 4264 intempestate-2.
