2976 4950
268 537 273 554 ¹
311 441 378 535 375
651 439 720 506 on
743 439 1043 508 ouuomcns

309 579 345 646 Si
366 601 418 644 me
437 579 646 668 interrogns¹
665 626 674 658 ‚
698 575 827 668 probo¹
853 602 860 640 :
880 591 931 642 est
949 577 1040 642 enim
1058 573 1283 646 intolerabilis
1298 603 1378 664 res,
1474 581 1475 664 }

309 717 448 788 poscere
457 707 664 775 nummos‚et
674 707 902 760 contemnere.
914 691 1068 758 Indixisti
1078 693 1231 784 pecuniae
1242 694 1378 767 odium:

309 811 376 878 hoc
389 811 558 902 professus
580 833 639 895 εις
666 809 754 878 benc
776 832 953 902 personam
976 808 1143 876 induisti:
1163 811 1298 902 agenda
1313 829 1376 882 est.

308 926 560 1016 Iniquissimum
580 940 654 1007 est,
677 940 710 992 te
729 925 907 1016 pecuniam
933 923 995 991 sub
1016 923 1124 1016 gloria
1142 919 1304 1017 egestatis
1321 951 1381 995 no-

309 1040 460 1133 quirere.
475 1037 701 1131 Adspicienda
716 1063 800 1132 ergo
813 1062 883 1106 non
898 1039 1009 1106 minus
1021 1061 1082 1106 sua
1095 1039 1219 1131 cuique
1231 1065 1378 1133 persone

268 1187 284 1240 3
309 1171 375 1236 est,
392 1179 493 1246 quam
504 1153 597 1246 ejus,
615 1153 657 1222 de
672 1153 899 1246 quojuvondo
913 1156 989 1247 quis
1002 1157 1139 1248 cogitat.
1158 1156 1243 1224 Volo
1258 1159 1373 1251 Chry-

308 1265 416 1366 sippi³
437 1271 543 1338 nostri
561 1271 612 1338 uti
630 1268 853 1338 similitudine
867 1271 910 1339 de
927 1269 1005 1364 pilae
1020 1271 1095 1340 lusu
1116 1297 1124 1338 ι
1141 1296 1242 1363 quam
1258 1275 1382 1342 cedere

308 1412 378 1454 non
401 1401 452 1454 est
477 1384 648 1466 dubium,
670 1401 728 1454 aut
747 1386 910 1455 mittentis
928 1379 1055 1469 vitiol,
1085 1402 1142 1454 aut
1165 1389 1377 1481 accipientis.

307 1503 408 1570 Tunc
425 1523 560 1570 cursum
577 1523 674 1569 suurn
691 1516 826 1584 servat,
846 1501 906 1568 ubi
924 1502 1014 1570 inter
1031 1526 1150 1570 manus
1171 1505 1375 1596 utriusque,

305 1631 383 1710 apte
405 1616 449 1683 ab
468 1632 616 1708 utroque
632 1630 667 1683 et
679 1616 806 1708 jactata
823 1631 858 1683 et
876 1631 1014 1709 excepto
1035 1633 1190 1686 versatur
1206 1647 1215 1704 3
1234 1643 1375 1688 necesse

306 1746 358 1799 est
372 1747 485 1799 nutem
502 1731 595 1799 lusor
612 1731 734 1814 bonne
750 1731 849 1799 aliter
862 1732 953 1800 illam
968 1732 1126 1802 collusori
1142 1733 1261 1827 longo,
1280 1734 1383 1804 aliter

306 1840 425 1914 brevi⁵
448 1847 568 1914 mittat.
598 1845 724 1914 Eodem
749 1846 908 1915 beneficii
938 1848 1023 1918 ratio
1049 1865 1119 1934 est3
1147 1851 1213 1917 nisi
1236 1852 1377 1943 utrique

342 2091 624 2162 1.Ss'meintem5os‚
643 2104 689 2145 etc.
703 2093 775 2145 Grut.
788 2104 814 2144 et
860 2105 943 2144 entem
957 2106 1023 2152 erat.
1042 2093 1144 2146 divitias
1160 2106 1342 2161 contemnere,
1357 2108 1382 2146 et

305 2171 403 2242 Lipsius
414 2170 565 2223 mendosum
582 2189 633 2224 esse
647 2170 716 2223 bunc
728 2171 812 2223 locum
861 2173 975 2225 minimis
987 2194 1067 2247 cgere.
1078 2175 1156 2247 Diog.
1169 2173 1250 2225 Laert.
1259 2174 1309 2238 vl,
1319 2177 1379 2232 rob.

305 2249 624 2321 putarunt,quasiquoedam
632 2249 768 2302 exciderint
775 2267 814 2299 rs·
861 2249 1006 2304 Demetrius
1017 2254 1175 2324 quoqneVll
1184 2252 1215 2304 de
1223 2251 1315 2305 Bcnel.
1327 2253 1381 2304 init.

305 2326 498 2395 prehensioncm
507 2325 599 2398 Cynici
604 2325 739 2398 complexa.
749 2324 813 2378 Cod.
868 2329 981 2400 exemplo
994 2331 1033 2382 sit.

307 2421 365 2454 mss.
379 2417 463 2456 tamen
472 2402 555 2454 silent.
571 2404 624 2456 Nec
635 2405 753 2456 Vincent.
761 2403 820 2455 Bel·
903 2405 926 2457 3.
944 2408 1011 2459 Volo
1022 2408 1170 2475 Chrysippi,
1180 2419 1226 2459 ete.
1237 2406 1337 2458 Eadem
1346 2407 1381 2457 si·

307 2479 387 2532 losse·
404 2481 477 2551 Spec.
494 2481 550 2533 bist.
570 2481 624 2544 vl,
638 2485 670 2554 39
681 2480 735 2535 linc
747 2480 820 2533 aliter
869 2481 1013 2536 militudinc
1025 2485 1062 2536 uti
1073 2485 1133 2536 lacit
1144 2481 1295 2537 Plutarchus
1303 2483 1381 2536 Tbco

306 2556 397 2627 legisse
419 2557 518 2610 videtur
536 2577 564 2610 ac
583 2577 630 2611 nos
645 2576 651 2610 :
668 2577 728 2609 nam
741 2570 819 2610 totum
870 2583 958 2616 norem
970 2557 1168 2637 pythagoreum,
1180 2565 1212 2616 de
1228 2564 1316 2616 Genio
1327 2563 1380 2616 So-

307 2639 374 2704 ῥῆσιι
386 2635 418 2687 ab
427 2638 558 2704 Antigono
568 2655 647 2707 usque
659 2635 692 2688 ad
703 2635 821 2688 tribunal
868 2642 941 2693 cratis
954 2661 974 2694 e.
992 2641 1037 2706 13,
1049 2663 1073 2712 p.
1085 2641 1130 2692 321
1146 2641 1212 2715 Opp.
1225 2639 1285 2692 Vol.
1296 2642 1329 2693 X.

308 2713 398 2776 attolit,
408 2713 479 2765 nulls
491 2711 819 2766 dbsoodunculeomiue
901 2720 924 2784 4.
941 2720 1019 2772 Vitio.
1032 2719 1144 2770 Probum
1155 2733 1207 2782 est,
1221 2718 1283 2771 libri
1296 2733 1380 2772 tamen

308 2793 408 2864 vestigii
417 2793 546 2846 mentione
557 2792 656 2862 injecta.
666 2791 742 2844 Unde
750 2791 819 2845 tolli·
868 2815 928 2847 mss.
940 2799 1026 2849 studio
1038 2810 1080 2848 snt
1089 2798 1175 2849 dubio.
1187 2798 1215 2848 L.

308 2892 367 2946 gere
382 2872 452 2936 lieet,
473 2871 560 2924 omnis
573 2891 633 2924 sans
652 2891 721 2935 esse,
739 2874 816 2926 modo
900 2875 922 2926 5.
945 2871 1062 2943 Longo...
1074 2875 1149 2927 brevi.
1161 2871 1260 2944 Longo,
1271 2877 1291 2930 i.
1301 2897 1323 2928 e.
1338 2897 1382 2928 re-

308 2962 374 3002 recte
392 2949 564 3022 intelligamus
581 2949 624 3002 ills
637 2969 644 3002 ι
655 2949 818 3004 Simesbter·
867 2951 1027 3003 motossrdoi
1033 2950 1382 3021 ‚ricinolntelligcretamen

309 3046 386 3092 rogos
397 3029 506 3094 ,probo,
519 3027 545 3078 b.
557 3047 578 3079 e.
591 3027 612 3078 si
623 3046 706 3080 meam
717 3040 819 3082 senten·
868 3040 1003 3097 utrumque
1016 3027 1091 3079 etiam
1109 3029 1186 3100 possis
1202 3028 1234 3080 de
1251 3043 1380 3102 tempore,

308 3103 369 3156 tium
387 3117 469 3176 petere
489 3101 625 3157 institueris
640 3143 648 3170 ,
665 3105 757 3158 secedo
773 3105 819 3158 illi.
868 3120 896 3158 ut
907 3110 983 3175 longo
992 3107 1079 3159 sitdiu
1094 3107 1244 3175 exercitato,
1257 3111 1383 3163 bresiin—

309 3181 407 3234 liuetus
417 3182 527 3254 margini
539 3182 715 3256 adscripscrat:
725 3185 819 3257 Supple
870 3184 962 3240 docto.
981 3203 1035 3237 non
1052 3183 1097 3236 diu
1118 3184 1266 3250 exercitato,
1283 3202 1383 3261 propter

309 3271 366 3310 ante
378 3258 433 3312 bne
446 3258 521 3311 verba
533 3277 540 3312 ε
550 3260 605 3313 Nee
613 3279 658 3328 ego
672 3263 761 3334 Cynici
767 3282 820 3330 pe-
868 3263 1005 3333 sequentia.
1018 3262 1125 3316 Doctior
1134 3276 1217 3315 autem
1228 3263 1300 3317 lusor
1311 3265 1383 3318 inlu·

308 3340 436 3400 titionem,
451 3350 494 3390 eut
502 3336 599 3410 sliquid
605 3338 696 3391 simile.
704 3337 801 3411 Lipsius
813 3355 821 3390 ι
870 3339 904 3392 do
916 3340 974 3412 pilae
983 3339 1131 3412 trigonalis,
1142 3340 1187 3409 qui
1198 3341 1384 3404 remotior‚in·

310 3414 731 3485 Videtursliquadissertatiuneula
745 3415 821 3467 luisse
870 3416 983 3478 doctior,
997 3418 1041 3488 qni
1059 3417 1158 3469 vicinus
1175 3416 1262 3469 stabat.
1277 3416 1307 3470 Si
1322 3438 1383 3470 vero

310 3493 379 3562 (quat
387 3491 471 3564 periit)
483 3512 556 3565 super
567 3491 617 3544 hoc
626 3493 701 3545 lacto.
712 3491 821 3562 subjicit
870 3494 901 3546 de
919 3493 967 3546 boc
983 3494 1044 3546 ludo
1059 3514 1141 3547 sermo
1157 3493 1210 3557 sit,
1230 3493 1383 3566 plerumque

309 3589 395 3634 nunc,
407 3568 429 3620 si
441 3587 480 3620 me
490 3589 591 3639 qnoque
604 3568 752 3640 interrogas,
764 3588 820 3621 sum
870 3569 1021 3643 intelligitur
1031 3571 1083 3645 pila
1094 3571 1226 3644 trigonalis
1235 3609 1243 3638 ,
1252 3573 1384 3642 quaeatri·

310 3645 375 3698 inter
384 3644 523 3720 probantes.
535 3647 570 3697 At
579 3645 626 3698 hac
637 3644 756 3717 opinione
767 3666 819 3698 non
869 3647 916 3699 bns
931 3659 1030 3699 uotum
1048 3647 1174 3700 lusoribus
1194 3647 1223 3700 in
1239 3649 1344 3722 trigono
1363 3669 1382 3701 s.

310 3745 372 3802 opus
384 3737 427 3776 est.
439 3723 485 3787 St,
498 3736 524 3776 tu
537 3722 651 3797 Cynico,
665 3744 707 3777 me
717 3727 822 3778 interro·
869 3723 997 3795 triangulo
1007 3725 1198 3778 consistentibus
1208 3725 1320 3778 invicem
1328 3725 1383 3796 pnl-

306 3821 373 3872 gas,
386 3815 432 3854 cte.
446 3799 629 3853 Conuersiones
642 3802 702 3854 tales
710 3801 821 3875 obrupta
870 3804 934 3870 sari,
948 3804 1054 3876 coptari,
1066 3805 1146 3877 excipi
1158 3818 1182 3857 et
1193 3803 1265 3858 reddi
1277 3806 1383 3858 solebat.

309 3895 368 3938 sunt
380 3881 483 3934 Seneca
494 3879 648 3945 familiares,
662 3901 683 3934 e.
695 3901 716 3932 c.
732 3881 822 3932 che-
872 3879 911 3932 Cf.
932 3883 1106 3953 Wemsdors,
1119 3881 1221 3936 Excur's.
1237 3884 1270 3935 X.
1283 3883 1333 3937 To.
1346 3885 1381 3936 Ν

310 3956 819 4032 nel.l,4‚5ubitu‚i.e.Cbrysippe‚
870 3957 942 4010 Post.
960 3960 1024 4011 min.
1039 3959 1081 4011 lat.
1098 3981 1122 4033 p.
1139 3961 1195 4032 398.
1212 3981 1249 4032 sq.
1261 3962 1333 4014 Male
1352 3962 1382 4013 dc

310 4053 381 4109 seque
394 4035 526 4108 abruptum
536 4048 617 4087 sonat.
871 4034 987 4106 harpasto
999 4035 1123 4089 intellexit
1135 4037 1220 4110 Upton
1231 4039 1264 4091 ad
1272 4038 1382 4107 Epicteti

344 4135 368 4166 a.
383 4115 478 4182 Poto,
486 4113 504 4166 i.
516 4112 607 4168 accedo
616 4112 670 4186 regi
676 4113 819 4186 Antigono,
869 4113 937 4166 Diss.
947 4115 983 4182 11,
996 4118 1024 4179 5,
1042 4120 1069 4168 15
1082 4115 1321 4188 Schweigbteuscri.
1331 4118 1382 4170 Lu·

312 4189 389 4246 modo
395 4209 447 4244 non
454 4190 583 4250 cavillatus
588 4204 658 4244 essct.
666 4189 822 4264 Cynicorum
864 4193 932 4258 ‚dom
940 4192 996 4264 pilae
1006 4193 1135 4266 trigonalis
1142 4192 1271 4268 intelligas
1280 4215 1383 4267 quoque
