2954 4926
435 529 531 597 utu.
563 527 773 615 v1,car.
805 527 848 594 ν.
1105 535 1170 626 ss,
1279 517 1281 520 ’

90 663 290 755 pepigerat,
304 659 363 728 sed
377 660 458 753 quia
473 682 517 727 ne
533 661 721 754 reciperet,
739 659 865 727 effecit.
882 661 938 728 Sic
952 660 1099 730 debitori
1113 688 1174 731 suo
1202 673 1217 738 t

91 775 245 844 creditor
258 799 345 868 saepe
368 773 564 858 damnatur,
582 775 643 842 ubi
658 774 736 868 plus
755 797 795 842 ex
808 775 874 872 alia
893 799 994 844 causa
1012 775 1172 861 abstulit,

91 917 198 987 quarn
212 917 253 961 ex
267 893 407 961 crediti¹
424 894 522 987 petit.
546 896 623 961 Non
648 909 779 962 tantum
805 894 897 960 inter
923 893 1129 972 creditorem
1143 913 1178 965 et

93 1011 287 1084 debitorem
302 1009 409 1104 judex
424 1009 520 1079 sedet
544 1010 604 1102 qui
632 1008 723 1078 dicat
744 1011 951 1106 :Pecuniam
971 1011 1149 1082 credidisti
1165 1043 1175 1100 3

93 1129 183 1220 quid
201 1131 425 1223 ergoipecus
447 1127 612 1222 abegisti,
634 1151 769 1195 serrum
787 1128 861 1220 ejus
878 1127 1054 1214 occidisti,
1077 1131 1177 1224 agel-

93 1247 194 1332 ium,
218 1269 320 1339 quem
343 1271 413 1334 non
434 1269 583 1332 emeras,
610 1243 791 1338 possides:
814 1247 1034 1315 aestimatione
1062 1249 1174 1332 facta,

94 1360 233 1432 debitor
246 1358 396 1443 discede,
410 1361 470 1452 qui
480 1353 631 1427 creditor
639 1382 797 1429 veneras.
807 1361 907 1454 ¹inter
917 1357 1086 1430 beneficia
1096 1387 1179 1453 quo-

94 1502 166 1570 que
182 1491 217 1545 et
236 1477 379 1571 injurias
398 1477 486 1546 ratio
507 1477 715 1546 confertur².
734 1477 848 1571 Saepe,
865 1477 1027 1570 inquam,
1045 1478 1180 1547 benefi-
1205 1500 1220 1550 5

94 1596 189 1662 cium
209 1613 342 1679 manet,
370 1619 435 1663 nee
456 1593 622 1680 debetur,
643 1595 672 1662 si
692 1610 808 1663 secuta
833 1610 885 1662 est
905 1593 1041 1664 dantem
1065 1598 1179 1690 poeni·

96 1715 227 1800 tentia,
255 1715 284 1782 si
312 1716 474 1782 miserum
501 1735 537 1780 se
564 1710 671 1796 dixit,
703 1711 796 1805 quod
823 1710 993 1801 dedisset,
1018 1716 1046 1782 si
1073 1741 1179 1808 quum

95 1826 208 1911 daret,
226 1828 423 1921 suspiravit,
445 1826 575 1896 vultum
590 1820 768 1909 adduxit³‚
786 1820 951 1920 perdere⁴
968 1829 1177 1912 accredidit,

95 1967 170 2012 non
191 1943 319 2027 donare
337 1973 344 2013 :
365 1945 393 2012 si
414 1968 475 2012 sua
497 1967 618 2028 causa,
644 1959 703 2012 aut
714 1945 819 2012 'certe
837 1969 907 2042 non
924 1968 998 2012 mea
1016 1943 1135 2013 dedit:
1151 1946 1180 2013 si

95 2086 170 2130 non
196 2061 297 2131 desiit
321 2063 518 2148 insultare,
550 2057 718 2156 gloriari,
748 2077 783 2128 et
800 2061 930 2154 ubique
952 2063 1115 2154 jactare,
1146 2080 1181 2131 et
1239 2069 1241 2072 ’

94 2181 260 2249 acerbum
278 2206 401 2251 munus
420 2205 518 2249 suum
538 2181 664 2248 faeere.
685 2182 803 2247 Manet
816 2182 933 2272 itaque
947 2181 1176 2265 beneficium,

95 2299 256 2389 quamvis
270 2321 340 2366 non
355 2296 521 2366 debeatur
538 2307 548 2362 ἐ
565 2297 666 2366 sicuti
681 2295 837 2388 quaedam
851 2299 1022 2391 pecuniae,
1040 2297 1083 2366 de
1098 2303 1181 2392 qui-

95 2414 164 2482 bus
185 2415 243 2506 jus
266 2413 430 2486 creditori
453 2439 524 2484 non
551 2411 701 2499 dicitur,
730 2410 913 2499 debentur,
935 2414 997 2482 sed
1017 2440 1088 2483 non
1107 2418 1181 2486 exi-

97 2545 242 2624 guntur.

148 2645 194 2714 V.
214 2644 347 2716 Dedisti
377 2646 584 2715 beneficium
611 2672 618 2712 :
643 2644 806 2739 injuriam
838 2662 956 2740 postea
985 2647 1094 2715 fecisti
1120 2666 1183 2718 :et

63 2907 65 2912 ,
94 2866 165 2916 quc,
179 2843 220 2896 eui
231 2844 293 2896 vites
305 2841 474 2913 alligabantur
484 2859 490 2893 ε
500 2841 561 2894 hinc
570 2861 614 2894 ar·
664 2859 741 2914 pensa
754 2841 929 2894 examinantur
941 2855 966 2896 et
985 2844 1183 2918 dispungentur.

92 2922 205 2975 bustivae
216 2920 286 2974 vites.
298 2921 435 2974 Columell.
447 2921 479 2972 de
495 2919 615 2972 Arborib.
698 2918 722 2970 3.
735 2921 846 2972 Virdium
857 2923 983 2975 adduxit.
996 2923 1038 2976 Sic
1051 2926 1108 2976 cod.
1122 2925 1184 2978 Nea.

96 3025 119 3056 t.
135 3002 183 3066 16,
196 3021 218 3056 a.
227 3001 276 3054 His
287 3001 446 3054 succidendis
458 3001 541 3070 itaque
553 2998 617 3052 mul·
664 2997 1024 3068 aliiqueNonuuiiiruriant,
1036 3001 1080 3053 sed
1092 3001 1182 3054 eodem

95 3096 156 3135 turn
168 3079 290 3134 damuurn
304 3080 396 3135 colono
409 3078 572 3146 afferebatur,
582 3099 616 3134 ne
665 3075 778 3137 ducunt,
792 3076 918 3128 abduxit.
930 3078 1022 3132 Vultus
1036 3092 1120 3130 autern
1130 3079 1183 3132 ad-

96 3161 165 3215 vites
177 3161 260 3214 coiere
271 3173 362 3236 posset.
668 3155 756 3208 ductus
770 3168 806 3206 est
817 3155 923 3210 tristitie
935 3171 978 3209 aut
989 3158 1126 3212 severitatis
1138 3179 1185 3210 no·

138 3257 160 3290 ι.
183 3237 275 3308 Quum
295 3258 333 3290 ex
358 3237 466 3300 credili,
489 3236 618 3290 intellecta
667 3247 701 3298 ta,
714 3246 742 3286 ut
753 3235 781 3286 in
792 3234 895 3290 Sueten.
905 3237 956 3288 Tit.
968 3237 1015 3302 68,
1031 3252 1076 3290 ete.
1089 3239 1185 3294 Praetu·

96 3336 192 3370 causa.
203 3317 246 3370 Sic
258 3316 314 3369 eod.
326 3316 391 3368 Nar.
402 3313 505 3385 aliique.
517 3317 599 3366 Antea
611 3332 618 3366 t
668 3311 698 3372 lit
715 3332 818 3382 quoque
831 3313 964 3366 Bentleius
982 3316 1016 3367 ad
1034 3317 1123 3370 Horat.
1140 3319 1184 3384 Π,

96 3415 183 3465 quam
200 3414 237 3447 ex
254 3397 390 3462 creditofl.
409 3392 481 3444 Pinc.
500 3392 618 3445 volebat:
670 3389 751 3440 Serm.
767 3389 795 3456 3,
811 3409 850 3458 7²·
1104 3415 1108 3426 ·
1138 3431 1142 3439 .

96 3493 184 3542 quam
195 3493 232 3526 ex
241 3473 334 3527 crediti
343 3490 425 3523 causa
435 3491 461 3538 p.
703 3467 727 3532 d
734 3468 853 3520 Perdere.
859 3467 982 3520 Similiter
989 3470 1100 3522 Martini.
1110 3473 1186 3546 Epig.

135 3571 160 3602 α.
175 3552 253 3603 Inter
262 3550 343 3621 henes.
355 3569 456 3619 quoque
470 3560 495 3600 rt
507 3551 618 3612 injurias
668 3547 721 3612 VI,
735 3547 767 3599 3ο
781 3567 787 3600 :
801 3571 813 3593 a
826 3549 875 3600 Sex
885 3550 997 3602 sestertia
1010 3550 1030 3602 si
1043 3552 1126 3604 statim
1140 3554 1187 3606 de-

97 3626 619 3700 rntt'usuffertur.Omnescodd.edd.sic
669 3625 764 3690 disses,
791 3625 878 3693 Quum
901 3627 961 3679 dixti
984 3629 1072 3696 mihi,
1094 3651 1186 3696 sume,

97 3717 222 3781 praestaut
234 3726 241 3759 ε
252 3708 296 3760 sed
306 3706 398 3772 Piae,
414 3727 489 3776 quern
505 3707 620 3760 Muretus
668 3703 744 3766 tolle,
762 3705 830 3758 douo
848 3725 855 3758 t
873 3705 1000 3758 Deberem
1017 3707 1080 3771 tibi,
1098 3707 1186 3774 Paete,

96 3799 223 3856 sequutus
238 3799 290 3849 est,
307 3785 349 3838 bic
368 3785 452 3838 alieno
468 3785 524 3837 ioco
540 3785 620 3856 posita
668 3805 714 3856 pro
727 3784 851 3838 ducentis.
865 3788 900 3838 At
911 3807 981 3840 nuuc
994 3809 1073 3857 quum
1088 3789 1191 3844 dederis

97 3867 228 3942 opinatus,
238 3866 386 3918 collocanda
395 3863 573 3938 putavitinitio
583 3883 620 3915 ca·
669 3865 716 3918 diu
730 3877 862 3930 moratus,
881 3866 931 3918 Sex
945 3865 1076 3931 sestertia,
1097 3868 1165 3920 Paete
1180 3909 1187 3934 ‚

97 3945 162 4020 pitis
174 3943 257 4015 quinti
270 3956 328 3996 ante
340 3941 416 3994 verba
429 3961 438 3994 t
449 3943 561 3994 Dedisti
572 3943 620 3993 be·
670 3943 826 4015 perdidisti.»
842 3943 881 3996 Ci.
893 3946 984 3996 Seuer.
996 3946 1060 3997 Ben.
1072 3946 1133 4010 vlt,
1148 3947 1189 3999 in·

97 4026 235 4094 aeficium·
248 4021 299 4074 sed
316 4021 357 4073 hic
369 4021 428 4094 ipsis
441 4039 493 4072 esse
505 4039 563 4071 vere
575 4019 620 4072 tle-
669 4026 723 4088 fra,
736 4023 767 4074 3²
781 4036 842 4076 extr.
858 4022 915 4076 Atia
931 4022 1018 4075 iaudat
1035 4021 1145 4077 Bentlei.
1157 4024 1191 4078 ad

98 4101 184 4154 bitem
195 4103 280 4154 sedem
298 4120 374 4152 nernn
391 4099 560 4168 dubitaverit,
577 4099 620 4170 qui
671 4102 760 4156 Horat.
772 4103 851 4154 Serui.
865 4103 890 4152 11
902 4141 909 4169 ,
920 4102 946 4166 3,
963 4122 1020 4168 ¹7²·
1034 4124 1058 4176 p.
1072 4105 1120 4172 53²
1133 4103 1190 4178 lips.

99 4182 159 4234 sine
172 4181 306 4258 cupiditate
318 4200 372 4232 reru
383 4180 622 4233 consideraverit:-
692 4181 736 4244 ,V-
750 4182 822 4232 Aac.
833 4182 937 4243 Nonne,
945 4179 1191 4249 objicitur,actinnes

99 4263 180 4316 Inter
193 4262 315 4331 beneficia
318 4297 377 4312 ......
387 4261 521 4331 corfirtur.
543 4260 622 4328 Quod
669 4259 821 4330 injuriarum
833 4273 855 4312 et
867 4259 1029 4332 gratitudinis
1043 4262 1193 4333 separandas

101 4339 131 4392 fit
146 4377 153 4404 ,
171 4361 250 4408 qrtum
269 4339 394 4410 utrimque
413 4353 512 4411 arrepta
533 4352 554 4391 ot
576 4360 623 4390 cx-
673 4336 751 4388 suut?
