2954 4926
297 429 362 498 608
553 421 559 434 '
639 421 707 490 DE
731 420 1033 492 BENEFICIIS

296 572 331 624 te
351 569 540 624 moventur.
561 579 578 618 a
600 551 668 622 Sed
681 577 785 644 quum
802 554 837 620 in
851 552 916 622 hoc
930 567 1139 634 moveantur,
1156 566 1194 619 ut
1213 553 1380 620 universa

296 687 498 740 conservent
509 719 519 754 ,
532 686 568 738 et
578 693 640 763 pro
655 685 921 738 memorentur:
938 670 1172 738 universorum
1188 669 1282 738 enim
1296 693 1381 762 pars

296 813 370 858 sum
383 795 407 857 ¹.
425 788 546 881 Adjice
561 812 672 874 nuno,
695 786 786 879 quod
805 803 920 856 nostra
937 803 973 855 et
994 787 1116 855 horum
1132 787 1286 856 conditio
1303 785 1379 854 dis-

254 939 270 992 3
296 903 415 970 similis
441 917 504 971 est.
531 904 616 970 Nam
640 903 699 994 qui
716 899 809 968 -mihi
830 898 987 994 prodest,
1009 916 1047 968 ut
1066 925 1130 993 per
1148 925 1204 968 me
1217 901 1329 994 prosit
1343 915 1380 966 et

296 1020 381 1101 sibi,
403 1043 473 1087 non
491 1017 586 1086 dedit
605 1018 809 1086 beneficium
828 1043 835 1083 ε
857 1018 938 1108 quia
956 1041 1009 1086 me
1028 1018 1294 1086 instrumentum
1308 1018 1380 1084 uti-

294 1133 398 1200 litatis
409 1157 476 1200 suae
489 1132 580 1200 feeit.
603 1132 659 1201 Sol
674 1147 787 1199 autem
797 1146 835 1198 et
849 1134 947 1200 Luna
961 1117 1062 1200 etiam
1075 1134 1104 1199 si
1118 1131 1217 1199 nobis
1228 1147 1378 1225 prosunt

294 1274 355 1318 sua
372 1274 489 1332 ceusu,
508 1273 577 1318 non
592 1249 627 1316 in
642 1249 707 1316 hoe
721 1263 832 1316 tamen
851 1262 1013 1341 prosunt,
1030 1263 1069 1316 ut
1082 1272 1146 1342 per
1159 1272 1224 1316 nos
1238 1250 1378 1342 prosint
1458 1341 1461 1349 Ι

293 1369 379 1452 sibi,
400 1367 485 1461 quid
502 1368 593 1434 enim
609 1390 675 1434 nos
690 1365 759 1434 illis
773 1366 928 1434 conferre
946 1367 1145 1458 possumus?
1166 1413 1169 1420 ,
1215 1404 1218 1420 ·

344 1483 442 1552 XXI.
461 1509 476 1546 s
490 1483 612 1564 Seiam,
625 1481 751 1572 inquit,
764 1481 876 1550 Solem
889 1505 929 1548 se
937 1483 1066 1550 Lunam
1076 1480 1175 1548 nobis
1187 1481 1277 1548 velle
1289 1507 1377 1575 pro·

294 1599 414 1683 desse,
434 1601 462 1667 si
479 1599 571 1667 nolle
589 1587 762 1691 potuerint
781 1625 789 1665 z
807 1597 876 1666 illis
894 1613 1007 1666 autem
1025 1622 1094 1666 non
1112 1599 1192 1666 licet
1205 1623 1276 1666 non
1294 1625 1376 1668 mo·

293 1717 389 1802 veri,
416 1714 461 1782 ad
485 1737 668 1796 summam,
688 1714 893 1800 consistant,
909 1731 945 1782 et
965 1738 1050 1808 opus
1073 1738 1169 1782 suum
1195 1715 1376 1782 intermit-

293 1827 400 1900 tant¹l
419 1858 435 1894 n
453 1833 527 1898 Hoe
540 1828 618 1899 vide
632 1846 715 1923 quot
731 1829 841 1899 modis
857 1829 1045 1900 refellatur.
1066 1833 1143 1900 Non
1161 1827 1235 1898 ideo
1254 1834 1377 1902 minus
1474 1877 1475 1894 2

294 1950 386 2034 vult,
404 1949 464 2041 qui
478 1971 547 2016 non
560 1961 671 2040 potest
683 1946 773 2016 nolle
790 1973 798 2011 :
819 1947 922 2014 immo
936 1947 1117 2014 maximum
1129 1965 1375 2040 argumentum

295 2081 347 2134 est
358 2065 466 2133 firmae
478 2063 679 2146 voluntatis,
693 2087 736 2130 ne
747 2064 871 2130 mutari
885 2061 1025 2155 quidem
1039 2086 1149 2154 posse.
1163 2063 1224 2130 Vir
1236 2054 1249 2096 ⁵
1257 2063 1375 2131 bonus

295 2202 364 2248 non
378 2195 489 2274 potest
502 2203 572 2246 non
588 2179 721 2260 lacere,
738 2177 830 2270 quod
848 2177 927 2246 lacit
946 2204 953 2244 :
973 2201 1042 2244 non
1056 2179 1146 2246 enim
1160 2178 1225 2245 erit
1239 2178 1371 2262 bonus,

294 2299 361 2367 nisi
381 2297 523 2382 feeerit,
540 2320 624 2390 ergo
643 2319 707 2364 nec
719 2293 829 2364 bonus
841 2297 895 2364 vir
909 2296 1112 2364 beneficium
1126 2293 1205 2378 dat,
1222 2299 1303 2389 quia
1321 2298 1376 2364 fo-

207 2401 210 2408 ’
295 2414 342 2481 cit
355 2409 449 2504 quod
459 2412 561 2479 debet
575 2439 582 2475 :
599 2434 668 2478 non
681 2425 912 2504 potestantem
923 2434 991 2478 non
1002 2411 1136 2492 lacere„
1147 2411 1236 2504 quod
1251 2411 1373 2484 debet.

294 2532 462 2596 Praeterea
480 2527 623 2596 multum
645 2527 807 2612 interest,
823 2543 938 2596 utrum
956 2525 1066 2613 dicas,
1085 2531 1159 2598 Non
1173 2547 1282 2622 potest
1296 2529 1374 2600 hoc

294 2645 509 2726 nonfacere,
527 2644 608 2735 quia
622 2643 755 2737 cogitur
772 2669 781 2709 ε
797 2667 861 2727 an,
878 2646 956 2711 Non
975 2660 1087 2738 potest
1107 2645 1209 2714 nolle.
1234 2649 1322 2714 Nam
1342 2651 1374 2715 si

292 2875 411 2930 beneficii
424 2877 481 2930 loco
495 2877 603 2949 imputas
616 2890 640 2929 et
655 2875 726 2950 eujus
740 2897 804 2950 grs-
854 2877 991 2948 jectionem
1003 2879 1102 2933 refellit.
1119 2880 1252 2954 Optimum
1268 2899 1373 2956 semper

293 2955 354 3007 tiam
366 2954 456 3028 erigis.
855 2956 1023 3020 volunt,nee
1034 2957 1107 3010 sliter
1118 2970 1237 3029 tanquam
1247 2959 1295 3013 Dii
1306 2981 1373 3034 pos-

329 3049 349 3083 s.
367 3030 549 3086 Universonsm
566 3036 634 3084 enlm
644 3051 710 3100 pars
724 3051 802 3084 sum:
854 3045 920 3085 sunt.
934 3032 1021 3100 Quum
1032 3033 1101 3086 enim
1111 3035 1174 3099 Dii,
1191 3036 1264 3088 siunt
1276 3037 1371 3102 stoici,

292 3122 413 3181 quatenus
424 3109 531 3163 humani
542 3110 621 3162 snirni
629 3109 739 3182 decerpti
746 3123 805 3162 sont
854 3111 934 3162 latum
945 3111 1203 3182 necessitatemque,s.
1208 3115 1302 3168 seriem
1310 3135 1373 3170 esu·

292 3209 322 3241 ex
333 3202 417 3242 mente
431 3189 527 3242 divina.
542 3189 641 3241 Arrisit.
651 3189 750 3251 Dissl,
766 3190 802 3256 tl.

292 3269 331 3322 Cf.
345 3267 425 3342 Lipsii
438 3266 555 3340 Physiol.
567 3267 646 3320 Stolo.
656 3267 694 3318 lll
704 3304 711 3331 ,
722 3268 748 3320 8.

323 3347 395 3400 xxi.
421 3351 490 3399 And.
519 3345 694 3416 Qutestionem
722 3344 802 3396 fusius

291 3426 450 3498 persequitur
460 3438 484 3477 et
493 3437 581 3478 eontra
592 3421 747 3477 adversarios
754 3421 803 3476 hoe

290 3503 417 3573 πρὸθλημα
430 3501 497 3570 iacit.
509 3503 588 3556 Solne
599 3515 624 3554 et
634 3503 723 3565 Luna,
739 3511 800 3560 ete..

291 3581 396 3654 gratiam
409 3579 528 3632 merent?
539 3579 697 3633 Affirmstor.

321 3677 349 3710 a.
362 3659 448 3711 Seiam
450 3691 508 3708 ......
520 3659 697 3710 intermittunt.
714 3657 802 3726 Quum

291 3735 368 3790 Solet
375 3737 457 3800 Luna,
470 3755 515 3809 pro
525 3735 703 3788 Diissstoieis
711 3733 801 3799 habiti,

242 3870 245 3878 .
290 3835 343 3867 non
356 3812 436 3866 libera
448 3813 578 3866 voluntate
591 3824 694 3866 uantur
708 3812 737 3864 in
753 3831 803 3865 to·-

291 3891 378 3944 nsndo
389 3891 505 3964 prodesse
515 3890 588 3944 nobis
601 3927 608 3954 ,
621 3888 665 3942 sed
678 3909 731 3942 non
745 3908 802 3964 pos·

290 3969 341 4020 sint
353 3988 406 4020 non
418 3970 502 4022 lacere
513 3968 583 4039 qnod
594 3966 706 4030 laelnntt
718 3967 802 4038 seqni-

291 4060 331 4098 tur
343 4065 389 4098 nos
398 4045 429 4098 iis
438 4045 505 4098 nihil
515 4044 605 4098 dehere
615 4064 622 4098 ι
632 4044 665 4097 sd
673 4063 801 4098 summum

291 4142 320 4174 se
331 4121 423 4186 verbo,
436 4123 464 4176 in
476 4135 666 4195 argumentum,
682 4141 725 4174 eos
737 4121 803 4175 libe-

291 4218 332 4251 ros
341 4217 409 4264 esse,
430 4199 581 4264 consistant,
601 4211 646 4252 ete.
663 4199 736 4252 llsne
754 4197 801 4250 ols-

851 3207 934 3241 ssrum
948 3191 1090 3242 erraverint
1100 3227 1108 3255 ,
1117 3191 1184 3242 nihil
1195 3205 1295 3246 mutare
1310 3215 1371 3267 pos-

851 3279 910 3319 sunt
918 3305 926 3330 ,
939 3267 1034 3340 optime
1050 3269 1141 3342 quippe
1165 3270 1285 3323 omnibus
1304 3291 1370 3324 eon·

851 3345 942 3397 stitutis
962 3359 987 3398 et
1003 3346 1159 3418 dispensatis.
1172 3347 1298 3420 Alioquin
1312 3369 1370 3402 noa

851 3423 897 3476 Dii
908 3438 997 3480 essent.
1013 3425 1051 3478 Cl'.
1069 3426 1146 3498 lipsii
1161 3425 1275 3500 Physiol.
1287 3428 1370 3482 Stoie.

851 3504 931 3569 l,ss.

805 3609 807 3614 v
884 3581 908 3632 3.
939 3583 990 3634 Vir
1009 3583 1100 3635 tonsu.
1125 3582 1230 3635 Scilicet
1257 3584 1368 3657 sapiens.

852 3659 1003 3732 Exemplum
1018 3659 1069 3713 lsoc
1085 3679 1204 3732 magnam
1222 3665 1368 3736 argumenti

852 3738 903 3788 virts
915 3736 997 3790 habet
1011 3737 1041 3790 Si
1052 3739 1122 3791 enim
1135 3737 1235 3792 desinet
1245 3739 1311 3792 velle
1322 3739 1372 3793 bo·
1474 3727 1475 3756 ³

851 3835 922 3878 num,
934 3813 1031 3868 desinet
1042 3835 1143 3887 quoque
1154 3817 1194 3870 vir
1204 3818 1288 3872 boum
1298 3839 1367 3872 esse:
1474 3869 1475 3876 ,

850 3893 1006 3965 quodetiam
1024 3893 1051 3946 in
1063 3895 1133 3948 Deos
1147 3894 1214 3968 ipsos
1226 3895 1301 3950 esdst
1314 3917 1369 3949 ne-

850 3989 916 4022 eesse
929 3982 985 4022 est:
1001 3971 1086 4043 itaque
1098 3991 1180 4042 neque
1193 3975 1307 4038 mutari,
1322 3995 1370 4026 ne·
1474 3967 1475 4028 l

850 4067 900 4119 que
909 4049 1044 4103 consistere
1054 4062 1078 4102 et
1088 4069 1231 4122 opnssnum
1241 4051 1370 4104 iamrmit-

848 4136 903 4176 tere
913 4139 1024 4198 possunt,
1031 4127 1155 4201 optimum
1163 4129 1260 4204 quippe
1267 4149 1369 4202 semper

851 4215 990 4272 sequentes.
