2976 4950
317 451 380 516 382
647 443 713 512 ou
736 441 1050 516 nnuumcus
1114 393 1124 420 ’

363 577 464 644 ΧΙΧ.
488 575 607 642 Tuber
626 573 764 668 quidum
780 576 940 668 tyranni¹
964 575 1077 668 gladio
1096 575 1238 658 divisit,
1260 577 1323 668 qui
1342 575 1387 642 od
1467 539 1468 558 .

316 717 392 759 eum
410 689 632 758 occidendum
647 705 809 776 venerat3
829 713 899 758 uon
919 687 995 756 ideo
1011 689 1061 757 illi
1077 705 1243 782 tyrannus
1260 692 1386 781 gratias

316 806 406 898 ogit,
427 803 520 896 quod
538 829 610 872 rem
637 827 737 896 quum
760 802 968 872 medicorum
994 829 1114 874 monus
1137 804 1387 873 reformidave-
1468 838 1469 890 f

316 937 415 1004 rant,
435 919 589 990 nocendo
609 923 751 990 sonavit.
773 919 879 990 Vides
897 943 966 990 uon
984 947 1057 990 esse
1077 947 1237 1016 maguum
1262 929 1299 988 io
1316 927 1386 1016 ipsa

316 1065 355 1108 re
368 1054 594 1122 momentum,
609 1040 767 1130 quoniam
781 1062 850 1106 non
863 1037 1000 1108 videtur
1014 1039 1146 1108 dedisse
1161 1039 1383 1117 beneficium,

316 1158 376 1254 qui
393 1153 482 1224 malo
495 1157 608 1224 animo
625 1157 765 1246 profuit.
787 1157 892 1224 casus
910 1159 1000 1224 enim
1017 1157 1222 1224 beneficium
1241 1173 1306 1240 eet,
1325 1158 1388 1224 ho-

316 1275 415 1341 minis
436 1273 597 1365 injuria²:
622 1265 794 1342 Leonem*
813 1275 850 1341 in
866 1273 1118 1367 amphitheatro
1136 1277 1383 1368 spectavimus,
1469 1319 1470 1330 .

316 1390 376 1480 qui
389 1410 496 1456 unum
511 1389 895 1482 ebeetiuriisegnitum,
911 1415 1017 1482 quum
1030 1390 1201 1482 quondam
1216 1392 1293 1482 ejus
1309 1391 1388 1457 fuis-

318 1521 368 1572 set
385 1499 588 1598 magisteri,
609 1507 755 1598 protexit
771 1506 813 1573 ab
830 1508 959 1600 impetu
978 1507 1175 1576 bestiarum.
1195 1511 1285 1574 Num
1303 1506 1384 1600 ergo

318 1638 368 1689 est
384 1621 682 1690 beneficiumferae
697 1624 861 1691 auxilium
874 1626 888 1691 t
901 1625 1043 1692 Minime
1070 1651 1078 1691 ε
1106 1625 1186 1716 quin
1203 1647 1270 1690 nee
1279 1622 1387 1688 voluit

318 1738 450 1820 secere,
473 1761 537 1805 neo
556 1737 790 1807 benefaciendi
810 1741 922 1808 animo
946 1733 1064 1809 fecit⁵.
1089 1740 1168 1832 Quo
1190 1739 1264 1806 loco
1285 1737 1387 1805 seram

317 1851 436 1943 posui,
457 1866 638 1942 tyrannum
653 1876 754 1944 pone.
773 1855 815 1920 Et
828 1853 886 1921 hic
905 1854 1008 1920 vitam
1025 1851 1121 1920 dedit
1149 1867 1183 1919 et
1202 1851 1262 1918 illa
1291 1879 1299 1916 ι
1325 1875 1388 1917 nec

317 1963 397 2049 hic,
421 1989 485 2032 nec
504 1966 561 2032 illa
580 1967 803 2052 beneficium
825 1971 993 2060 quianon
1012 1985 1062 2035 eet
1082 1967 1312 2050 beneficium,
1333 1990 1388 2032 ac-

318 2081 434 2173 cipere
454 2083 551 2172 cogi3
574 2105 642 2148 non
668 2098 719 2148 est
744 2083 971 2166 beneficium,
995 2083 1145 2164 debere,
1168 2083 1223 2150 eui
1252 2080 1342 2148 nolis
1359 2073 1386 2145 ⁶.
1471 2065 1472 2086 ¹

318 2199 406 2265 Ante
422 2197 481 2264 des
494 2211 626 2290 oportet
638 2197 722 2264 mihi
733 2197 913 2264 arbitrium
924 2200 991 2264 mei
1003 2225 1013 2281 3
1026 2196 1151 2265 deinde
1166 2197 1386 2264 beneficium.

318 2417 425 2468 Locusta
438 2427 573 2488 preparato
590 2427 633 2466 eut
645 2414 723 2468 misto
740 2413 825 2468 alvum
875 2413 908 2477 V,
926 2412 966 2480 13,
977 2425 1001 2464 et
1012 2412 1110 2466 AElian.
1121 2413 1180 2477 vll,
1194 2415 1227 2480 48
1240 2414 1274 2466 N.
1287 2415 1388 2476 Anium

321 2492 421 2545 Claudii
434 2493 539 2544 solutam
552 2512 612 2544 esse.
876 2491 919 2545 ille
938 2511 967 2542 ex
989 2492 1097 2565 Apionis
1116 2492 1263 2548 Plistonice
1283 2494 1350 2546 libro
1367 2495 1390 2542 V

352 2572 424 2623 xlx.
435 2575 506 2624 Atto.
514 2571 615 2624 Jesouis
628 2570 728 2622 Pheraei
738 2589 827 2622 esern-
877 2569 1069 2642 AEgyptiorum,
1079 2590 1155 2640 qoem
1162 2571 1260 2623 Tiberii
1273 2584 1345 2624 tetate
1353 2571 1390 2621 vi·

320 2647 389 2720 plum
403 2648 525 2720 allegatur
537 2668 612 2719 quem
625 2647 768 2699 interfector
782 2666 827 2698 no·
874 2648 938 2700 xisse
950 2648 1132 2700 constatPotes
1144 2662 1168 2701 et
1180 2648 1211 2701 de
1223 2650 1307 2702 leonis
1320 2669 1392 2701 man-

319 2724 490 2779 lensctubere
501 2724 617 2778 liberavit
627 2745 634 2787 ς
646 2737 699 2776 tum
710 2735 735 2774 et
745 2721 827 2774 leonis
875 2725 1008 2780 suetudine
1020 2725 1087 2778 Plio.
1103 2727 1234 2779 consulere
1253 2727 1299 2780 tib.
1310 2731 1389 2794 vill,

320 2805 364 2871 qui
374 2803 518 2856 bestiarium
531 2824 546 2854 a
557 2806 668 2856 serarum
682 2801 777 2875 impetu
792 2799 830 2852 ii·
878 2805 943 2857 Hist.
955 2803 1328 2859 Nat.etPhilostrat,lib.V11.

320 2883 572 2954 hereritgnegstque
589 2880 724 2946 veihane,
740 2880 782 2933 vel
801 2881 832 2932 it·
912 2881 935 2944 4.
957 2881 1093 2950 Magister.
1118 2883 1163 2934 Ru
1183 2882 1325 2942 dominus,
1349 2883 1392 2950 qui

320 2963 374 3016 lum
386 2962 539 3015 beneficium
550 2961 655 3013 dedisse.
880 2959 986 3011 nuucad
996 2979 1108 3032 pugnam
1116 2959 1253 3011 bestiarum
1261 2959 1289 3010 in
1297 2959 1392 3010 theatro

358 3061 378 3092 ι.
392 3041 478 3094 Tuber
485 3042 593 3109 quidam
604 3040 717 3105 tyrunm'.
727 3038 767 3089 De
778 3039 830 3090 Je-
877 3037 997 3090 adstabo.
1006 3037 1144 3090 Androcles
1150 3038 1229 3110 vulgo
1236 3039 1392 3090 nominator.

321 3116 663 3174 sonuPheraromThesselie
672 3117 830 3170 domiuohie
911 3119 934 3169 5.
947 3119 1016 3170 Num
1026 3129 1132 3186 estergo
1141 3118 1395 3186 beneficrtarn....oni·

321 3217 403 3250 sermo
421 3209 456 3250 est
478 3195 549 3267 cujus
563 3194 687 3248 vomicam
702 3196 749 3258 (id
761 3195 829 3248 euim
878 3215 921 3246 mo
928 3195 1002 3267 fecit.
1022 3195 1112 3247 Errare
1132 3197 1260 3246 Annoeom
1279 3207 1393 3256 nostrum

322 3273 393 3326 tuber
405 3275 477 3338 est),
491 3273 565 3325 miles
575 3272 682 3343 quidam
694 3272 779 3345 gladio
791 3293 831 3324 ru·
879 3284 962 3346 patet3
977 3291 1035 3322 nam
1049 3274 1104 3341 quis
1118 3271 1220 3324 leonem
1233 3270 1322 3322 credat
1333 3271 1393 3324 dum

323 3353 371 3426 pit,
380 3349 520 3404 interficere
528 3351 589 3402 dum
599 3349 688 3403 voluit.
701 3351 763 3401 Rem
775 3370 831 3401 nar·
880 3349 1027 3421 magistrum
1042 3348 1073 3400 ab
1091 3349 1242 3401 irruentium
1255 3348 1393 3400 bestiemm

323 3443 379 3482 rant
390 3429 475 3480 Valer.
487 3429 592 3481 Maxim.
604 3430 626 3492 Ι,
640 3427 655 3479 8
665 3441 724 3480 extr.
739 3447 760 3496 7.
769 3427 830 3479 Plu-
880 3429 975 3501 impeto
985 3427 1113 3492 vindieat,
1123 3448 1177 3480 non
1188 3427 1227 3480 illi
1239 3427 1306 3480 bene
1316 3427 1392 3484 velie.

323 3507 400 3560 tarch.
417 3507 447 3558 de
462 3506 517 3558 util.
534 3527 563 3558 ex
579 3505 691 3558 inimicis
709 3505 830 3578 capienda
881 3529 934 3560 nou
945 3509 1031 3560 animo
1043 3508 1107 3560 bene
1121 3507 1232 3560 faciendi
1245 3507 1345 3580 egere?
1362 3511 1394 3558 dt

323 3586 383 3638 Vol.
393 3585 443 3636 vlt
454 3584 520 3657 0pp.
531 3605 554 3656 p.
563 3603 610 3652 ²⁷7
622 3583 692 3635 Hutt.
702 3623 708 3648 ,
718 3583 762 3634 ubi
774 3583 834 3635 Pro·
883 3587 997 3660 placebat
1006 3588 1099 3640 Stoicis
1108 3599 1131 3639 et
1140 3599 1225 3640 nostro
1235 3589 1301 3640 seres
1308 3587 1392 3639 dicere

324 3663 452 3716 metheom
484 3674 558 3714 vocat
588 3662 708 3714 Jesonem
734 3675 834 3735 propter
883 3666 961 3717 enimi
974 3666 1081 3718 omnino
1101 3679 1218 3736 expertes.
1234 3667 1329 3718 Juveo.
1342 3667 1393 3717 Sat.

323 3761 448 3795 summam
458 3742 510 3813 ejus
518 3740 632 3792 astutiam
643 3753 666 3792 et
675 3741 833 3813 prudentiam
883 3759 927 3808 xv,
943 3745 989 3812 ¹49
1006 3761 1013 3794 ε
1031 3745 1101 3797 «His
1119 3745 1231 3806 animas,
1244 3744 1321 3796 nobis
1337 3745 1393 3795 eni-

324 3841 339 3872 a
352 3821 407 3874 cie.
417 3821 449 3872 de
461 3820 516 3870 Off.
529 3819 557 3881 1,
569 3819 602 3870 30
615 3819 751 3871 laudatam.
882 3839 953 3872 mum
968 3819 1069 3872 dedit.»

359 3921 381 3950 o.
397 3897 630 3952 Corus....homim's
643 3899 747 3964 injuria.
759 3896 835 3949 Gesui
916 3899 1025 3969 6.Qu1'o
1042 3919 1092 3950 non
1102 3901 1218 3952 est...cui
1226 3897 1394 3965 nodionm

325 3976 429 4029 debetur
445 3973 613 4038 beneficium,
634 3973 733 4026 homini
751 3985 835 4027 autem
884 3977 974 4028 falsum
986 3989 1036 4029 erat
1045 3978 1112 4048 quod
1122 3975 1392 4051 suprecngitevimus,

327 4056 417 4127 injuria
429 4069 465 4108 est
475 4055 645 4108 adscribenda.
885 4055 944 4106 Nou
955 4054 1131 4109 henefaciendi
1143 4055 1229 4106 animo
1241 4056 1321 4106 ferum
1335 4056 1395 4127 egis-

358 4135 381 4187 3.
402 4136 513 4187 Leonem
534 4145 580 4184 etc.
603 4132 742 4184 Historiam
765 4130 844 4184 hene
881 4131 1396 4202 sestamsuutridicoiahaeequcesubjun-

284 4271 290 4284 .
327 4212 439 4264 eamdem
450 4223 532 4262 uertet
552 4210 609 4263 Aut.
627 4209 694 4261 Gett.
706 4211 778 4262 Noct.
790 4221 832 4263 att.
882 4209 1395 4281 rennuunttamneueetpmoeacrus
