<?xml version="1.0" encoding="UTF-8"?>
<!DOCTYPE html PUBLIC "-//W3C//DTD XHTML 1.0 Transitional//EN"
    "http://www.w3.org/TR/xhtml1/DTD/xhtml1-transitional.dtd">
<html xmlns="http://www.w3.org/1999/xhtml" xml:lang="en" lang="en">
 <head>
  <title>
</title>
<meta http-equiv="Content-Type" content="text/html;charset=utf-8" />
  <meta name='ocr-system' content='tesseract 3.04.00' />
  <meta name='ocr-capabilities' content='ocr_page ocr_carea ocr_par ocr_line ocrx_word'/>
</head>
<body>
  <div class='ocr_page' id='page_1' title='image "./lannsenecparspr02bouigoog_0174.png"; bbox 0 0 2990 4942; ppageno 0'>
   <div class='ocr_carea' id='block_1_1' title="bbox 504 345 1194 496">
    <p class='ocr_par' dir='ltr' id='par_1_1' title="bbox 504 345 1194 496">
     <span class='ocr_line' id='line_1_1' title="bbox 504 345 1194 496; baseline 0.001 -3"><span class='ocrx_word' id='word_1_1' title='bbox 504 345 683 493; x_wconf 79' lang='lat' dir='ltr'><strong>clPUT</strong></span> <span class='ocrx_word' id='word_1_2' title='bbox 718 423 832 493; x_wconf 83' lang='lat' dir='ltr'><strong>xlx.</strong></span> <span class='ocrx_word' id='word_1_3' title='bbox 1133 426 1194 496; x_wconf 78' lang='lat'><strong>163</strong></span> 
     </span>
    </p>
   </div>
   <div class='ocr_carea' id='block_1_2' title="bbox 123 555 1258 2616">
    <p class='ocr_par' dir='ltr' id='par_1_2' title="bbox 123 555 1258 2616">
     <span class='ocr_line' id='line_1_2' title="bbox 123 555 1196 651; baseline 0 -25"><span class='ocrx_word' id='word_1_4' title='bbox 123 568 289 651; x_wconf 61' lang='lat' dir='ltr'><strong>tyrannos</strong></span> <span class='ocrx_word' id='word_1_5' title='bbox 305 567 330 623; x_wconf 91' lang='lat'><strong>¹.</strong></span> <span class='ocrx_word' id='word_1_6' title='bbox 352 557 524 622; x_wconf 81' lang='lat' dir='ltr'><strong>Lusertmt</strong></span> <span class='ocrx_word' id='word_1_7' title='bbox 545 555 608 624; x_wconf 87' lang='lat' dir='ltr'><strong>ists</strong></span> <span class='ocrx_word' id='word_1_8' title='bbox 629 569 760 648; x_wconf 74' lang='lat' dir='ltr'><strong>poete,</strong></span> <span class='ocrx_word' id='word_1_9' title='bbox 780 569 815 622; x_wconf 91' lang='lat' dir='ltr'><strong>et</strong></span> <span class='ocrx_word' id='word_1_10' title='bbox 831 555 928 624; x_wconf 86' lang='lat' dir='ltr'><strong>venis</strong></span> <span class='ocrx_word' id='word_1_11' title='bbox 945 579 1007 623; x_wconf 90' lang='lat' dir='ltr'><strong>nos</strong></span> <span class='ocrx_word' id='word_1_12' title='bbox 1024 557 1196 650; x_wconf 77' lang='lat' dir='ltr'>agitavere</span> 
     </span>
     <span class='ocr_line' id='line_1_3' title="bbox 125 666 1194 742; baseline -0.004 0"><span class='ocrx_word' id='word_1_13' title='bbox 125 671 328 742; x_wconf 89' lang='lat' dir='ltr'><strong>terroribus.</strong></span> <span class='ocrx_word' id='word_1_14' title='bbox 350 673 445 740; x_wconf 84' lang='lat' dir='ltr'><strong>Mors</strong></span> <span class='ocrx_word' id='word_1_15' title='bbox 458 671 608 739; x_wconf 89' lang='lat' dir='ltr'><strong>omnium</strong></span> <span class='ocrx_word' id='word_1_16' title='bbox 623 666 781 740; x_wconf 90' lang='lat' dir='ltr'><strong>dolorum</strong></span> <span class='ocrx_word' id='word_1_17' title='bbox 795 685 829 739; x_wconf 89' lang='lat' dir='ltr'><strong>et</strong></span> <span class='ocrx_word' id='word_1_18' title='bbox 842 671 964 741; x_wconf 88' lang='lat' dir='ltr'><strong>solutio</strong></span> <span class='ocrx_word' id='word_1_19' title='bbox 980 688 1033 739; x_wconf 85' lang='lat' dir='ltr'><strong>est</strong></span> <span class='ocrx_word' id='word_1_20' title='bbox 1046 685 1080 739; x_wconf 88' lang='lat' dir='ltr'><strong>et</strong></span> <span class='ocrx_word' id='word_1_21' title='bbox 1093 672 1172 741; x_wconf 89' lang='lat' dir='ltr'><strong>finis</strong></span> <span class='ocrx_word' id='word_1_22' title='bbox 1186 699 1194 738; x_wconf 92' lang='lat'>:</span> 
     </span>
     <span class='ocr_line' id='line_1_4' title="bbox 124 783 1198 878; baseline 0 -24"><span class='ocrx_word' id='word_1_23' title='bbox 124 786 216 854; x_wconf 85' lang='lat' dir='ltr'><strong>ultra</strong></span> <span class='ocrx_word' id='word_1_24' title='bbox 234 809 338 878; x_wconf 86' lang='lat' dir='ltr'><strong>quam</strong></span> <span class='ocrx_word' id='word_1_25' title='bbox 357 783 444 853; x_wconf 87' lang='lat' dir='ltr'><strong>mala</strong></span> <span class='ocrx_word' id='word_1_26' title='bbox 459 799 576 854; x_wconf 78' lang='lat' dir='ltr'><strong>nostm</strong></span> <span class='ocrx_word' id='word_1_27' title='bbox 591 806 662 851; x_wconf 89' lang='lat' dir='ltr'><strong>non</strong></span> <span class='ocrx_word' id='word_1_28' title='bbox 681 799 807 853; x_wconf 84' lang='lat' dir='ltr'><strong>exeunt</strong></span> <span class='ocrx_word' id='word_1_29' title='bbox 820 789 856 870; x_wconf 79' lang='lat'><strong>²3</strong></span> <span class='ocrx_word' id='word_1_30' title='bbox 874 809 950 877; x_wconf 87' lang='lat' dir='ltr'><strong>quae</strong></span> <span class='ocrx_word' id='word_1_31' title='bbox 969 807 1031 854; x_wconf 89' lang='lat' dir='ltr'><strong>uos</strong></span> <span class='ocrx_word' id='word_1_32' title='bbox 1049 786 1086 853; x_wconf 88' lang='lat' dir='ltr'><strong>in</strong></span> <span class='ocrx_word' id='word_1_33' title='bbox 1104 785 1198 854; x_wconf 90' lang='lat' dir='ltr'><strong>illam</strong></span> 
     </span>
     <span class='ocr_line' id='line_1_5' title="bbox 124 901 1196 995; baseline -0.003 -21"><span class='ocrx_word' id='word_1_34' title='bbox 124 901 422 994; x_wconf 74' lang='lat' dir='ltr'><strong>tranquillitatem,</strong></span> <span class='ocrx_word' id='word_1_35' title='bbox 433 901 469 969; x_wconf 91' lang='lat' dir='ltr'><strong>iu</strong></span> <span class='ocrx_word' id='word_1_36' title='bbox 481 924 562 993; x_wconf 89' lang='lat' dir='ltr'><strong>qua,</strong></span> <span class='ocrx_word' id='word_1_37' title='bbox 579 916 761 993; x_wconf 83' lang='lat' dir='ltr'><strong>antequam</strong></span> <span class='ocrx_word' id='word_1_38' title='bbox 772 925 1001 985; x_wconf 86' lang='lat' dir='ltr'><strong>nasceremur,</strong></span> <span class='ocrx_word' id='word_1_39' title='bbox 1013 902 1196 995; x_wconf 79' lang='lat' dir='ltr'><strong>jacuimus,</strong></span> 
     </span>
     <span class='ocr_line' id='line_1_6' title="bbox 125 1008 1200 1112; baseline -0.001 -24"><span class='ocrx_word' id='word_1_40' title='bbox 125 1008 292 1112; x_wconf 83' lang='lat' dir='ltr'><strong>reponit³.</strong></span> <span class='ocrx_word' id='word_1_41' title='bbox 312 1017 348 1086; x_wconf 84' lang='lat' dir='ltr'><strong>si</strong></span> <span class='ocrx_word' id='word_1_42' title='bbox 361 1033 571 1085; x_wconf 90' lang='lat' dir='ltr'><strong>mortuorum</strong></span> <span class='ocrx_word' id='word_1_43' title='bbox 582 1015 707 1108; x_wconf 82' lang='lat' dir='ltr'><strong>aliquis</strong></span> <span class='ocrx_word' id='word_1_44' title='bbox 719 1018 951 1101; x_wconf 86' lang='lat' dir='ltr'><strong>miseretur,et</strong></span> <span class='ocrx_word' id='word_1_45' title='bbox 961 1041 1031 1086; x_wconf 91' lang='lat' dir='ltr'><strong>non</strong></span> <span class='ocrx_word' id='word_1_46' title='bbox 1044 1035 1200 1087; x_wconf 85' lang='lat' dir='ltr'><strong>ustorum</strong></span> 
     </span>
     <span class='ocr_line' id='line_1_7' title="bbox 126 1128 1201 1205; baseline -0.001 0"><span class='ocrx_word' id='word_1_47' title='bbox 126 1137 342 1205; x_wconf 88' lang='lat' dir='ltr'><strong>misereatur.</strong></span> <span class='ocrx_word' id='word_1_48' title='bbox 370 1137 463 1202; x_wconf 90' lang='lat' dir='ltr'><strong>Mors</strong></span> <span class='ocrx_word' id='word_1_49' title='bbox 480 1157 547 1202; x_wconf 87' lang='lat' dir='ltr'><strong>nec</strong></span> <span class='ocrx_word' id='word_1_50' title='bbox 565 1133 693 1202; x_wconf 89' lang='lat' dir='ltr'><strong>bonum</strong></span> <span class='ocrx_word' id='word_1_51' title='bbox 710 1157 774 1203; x_wconf 88' lang='lat' dir='ltr'><strong>uec</strong></span> <span class='ocrx_word' id='word_1_52' title='bbox 790 1135 914 1204; x_wconf 90' lang='lat' dir='ltr'><strong>malum</strong></span> <span class='ocrx_word' id='word_1_53' title='bbox 933 1128 1021 1204; x_wconf 66' lang='lat' dir='ltr'><strong>esti.</strong></span> <span class='ocrx_word' id='word_1_54' title='bbox 1048 1133 1090 1204; x_wconf 90' lang='lat' dir='ltr'><strong>Id</strong></span> <span class='ocrx_word' id='word_1_55' title='bbox 1109 1137 1201 1204; x_wconf 91' lang='lat' dir='ltr'><strong>euim</strong></span> 
     </span>
     <span class='ocr_line' id='line_1_8' title="bbox 127 1249 1202 1345; baseline -0.001 -25"><span class='ocrx_word' id='word_1_56' title='bbox 127 1266 242 1345; x_wconf 87' lang='lat' dir='ltr'><strong>potest</strong></span> <span class='ocrx_word' id='word_1_57' title='bbox 249 1249 445 1320; x_wconf 89' lang='lat' dir='ltr'><strong>autbonum</strong></span> <span class='ocrx_word' id='word_1_58' title='bbox 454 1265 514 1317; x_wconf 87' lang='lat' dir='ltr'><strong>sut</strong></span> <span class='ocrx_word' id='word_1_59' title='bbox 526 1249 652 1326; x_wconf 82' lang='lat' dir='ltr'><strong>malum</strong></span> <span class='ocrx_word' id='word_1_60' title='bbox 663 1273 750 1331; x_wconf 87' lang='lat' dir='ltr'><strong>esse,</strong></span> <span class='ocrx_word' id='word_1_61' title='bbox 765 1250 858 1343; x_wconf 91' lang='lat' dir='ltr'><strong>quod</strong></span> <span class='ocrx_word' id='word_1_62' title='bbox 871 1251 1003 1344; x_wconf 91' lang='lat' dir='ltr'><strong>aliquid</strong></span> <span class='ocrx_word' id='word_1_63' title='bbox 1016 1266 1067 1320; x_wconf 87' lang='lat' dir='ltr'><strong>est</strong></span> <span class='ocrx_word' id='word_1_64' title='bbox 1082 1281 1092 1339; x_wconf 80' lang='lat'><em>3</em></span> <span class='ocrx_word' id='word_1_65' title='bbox 1110 1250 1202 1344; x_wconf 91' lang='lat' dir='ltr'><strong>quod</strong></span> 
     </span>
     <span class='ocr_line' id='line_1_9' title="bbox 129 1357 1204 1462; baseline -0.003 -25"><span class='ocrx_word' id='word_1_66' title='bbox 129 1391 214 1437; x_wconf 84' lang='lat' dir='ltr'><strong>vero</strong></span> <span class='ocrx_word' id='word_1_67' title='bbox 233 1367 345 1460; x_wconf 83' lang='lat' dir='ltr'><strong>ipsum</strong></span> <span class='ocrx_word' id='word_1_68' title='bbox 360 1365 448 1434; x_wconf 89' lang='lat' dir='ltr'><strong>nihil</strong></span> <span class='ocrx_word' id='word_1_69' title='bbox 462 1357 542 1448; x_wconf 88' lang='lat' dir='ltr'><strong>est⁵,</strong></span> <span class='ocrx_word' id='word_1_70' title='bbox 560 1379 595 1433; x_wconf 92' lang='lat' dir='ltr'><strong>et</strong></span> <span class='ocrx_word' id='word_1_71' title='bbox 611 1366 724 1435; x_wconf 90' lang='lat' dir='ltr'><strong>omnia</strong></span> <span class='ocrx_word' id='word_1_72' title='bbox 737 1367 774 1433; x_wconf 91' lang='lat' dir='ltr'><strong>in</strong></span> <span class='ocrx_word' id='word_1_73' title='bbox 788 1366 935 1436; x_wconf 91' lang='lat' dir='ltr'><strong>nihilum</strong></span> <span class='ocrx_word' id='word_1_74' title='bbox 948 1359 1106 1462; x_wconf 79' lang='lat' dir='ltr'><strong>redigit⁶,</strong></span> <span class='ocrx_word' id='word_1_75' title='bbox 1116 1367 1204 1435; x_wconf 92' lang='lat' dir='ltr'><strong>nulli</strong></span> 
     </span>
     <span class='ocr_line' id='line_1_10' title="bbox 129 1479 1204 1576; baseline 0 -26"><span class='ocrx_word' id='word_1_76' title='bbox 129 1507 195 1552; x_wconf 88' lang='lat' dir='ltr'><strong>nos</strong></span> <span class='ocrx_word' id='word_1_77' title='bbox 217 1481 364 1550; x_wconf 65' lang='lat' dir='ltr'><strong>fortunae</strong></span> <span class='ocrx_word' id='word_1_78' title='bbox 388 1479 505 1550; x_wconf 83' lang='lat' dir='ltr'><strong>trudit.</strong></span> <span class='ocrx_word' id='word_1_79' title='bbox 532 1479 739 1550; x_wconf 82' lang='lat' dir='ltr'><strong>Malu=enim</strong></span> <span class='ocrx_word' id='word_1_80' title='bbox 753 1482 918 1576; x_wconf 72' lang='lat' dir='ltr'><strong>&#39;bonaque</strong></span> <span class='ocrx_word' id='word_1_81' title='bbox 942 1485 1033 1554; x_wconf 88' lang='lat' dir='ltr'><strong>circa</strong></span> <span class='ocrx_word' id='word_1_82' title='bbox 1055 1483 1204 1575; x_wconf 90' lang='lat' dir='ltr'><strong>aliquam</strong></span> 
     </span>
     <span class='ocr_line' id='line_1_11' title="bbox 129 1595 1202 1688; baseline -0.002 -22"><span class='ocrx_word' id='word_1_83' title='bbox 129 1611 313 1668; x_wconf 74' lang='lat' dir='ltr'><strong>versantur</strong></span> <span class='ocrx_word' id='word_1_84' title='bbox 339 1596 514 1666; x_wconf 84' lang='lat' dir='ltr'><strong>materiam</strong></span> <span class='ocrx_word' id='word_1_85' title='bbox 529 1599 556 1663; x_wconf 79' lang='lat'><strong>².</strong></span> <span class='ocrx_word' id='word_1_86' title='bbox 586 1597 665 1662; x_wconf 87' lang='lat' dir='ltr'><strong>Non</strong></span> <span class='ocrx_word' id='word_1_87' title='bbox 693 1610 825 1688; x_wconf 67' lang='lat' dir='ltr'><strong>potest,</strong></span> <span class='ocrx_word' id='word_1_88' title='bbox 850 1595 887 1666; x_wconf 91' lang='lat' dir='ltr'><strong>id</strong></span> <span class='ocrx_word' id='word_1_89' title='bbox 912 1595 1048 1667; x_wconf 83' lang='lat' dir='ltr'><strong>fortune</strong></span> <span class='ocrx_word' id='word_1_90' title='bbox 1071 1612 1202 1679; x_wconf 88' lang='lat' dir='ltr'><strong>tenere,</strong></span> 
     </span>
     <span class='ocr_line' id='line_1_12' title="bbox 132 1709 1207 1804; baseline -0.004 -22"><span class='ocrx_word' id='word_1_91' title='bbox 132 1711 227 1804; x_wconf 88' lang='lat' dir='ltr'><strong>quod</strong></span> <span class='ocrx_word' id='word_1_92' title='bbox 244 1725 369 1784; x_wconf 84' lang='lat' dir='ltr'><strong>natura</strong></span> <span class='ocrx_word' id='word_1_93' title='bbox 381 1709 543 1796; x_wconf 72' lang='lat' dir='ltr'><strong>dimisit,</strong></span> <span class='ocrx_word' id='word_1_94' title='bbox 565 1723 757 1802; x_wconf 69' lang='lat' dir='ltr'><strong>neopotest</strong></span> <span class='ocrx_word' id='word_1_95' title='bbox 774 1711 879 1778; x_wconf 90' lang='lat' dir='ltr'><strong>miser</strong></span> <span class='ocrx_word' id='word_1_96' title='bbox 895 1733 991 1796; x_wconf 89' lang='lat' dir='ltr'><strong>esse,</strong></span> <span class='ocrx_word' id='word_1_97' title='bbox 1013 1713 1074 1804; x_wconf 92' lang='lat' dir='ltr'><strong>qui</strong></span> <span class='ocrx_word' id='word_1_98' title='bbox 1092 1710 1207 1781; x_wconf 88' lang='lat' dir='ltr'><strong>nullus</strong></span> 
     </span>
     <span class='ocr_line' id='line_1_13' title="bbox 133 1825 1233 1920; baseline -0.002 -24"><span class='ocrx_word' id='word_1_99' title='bbox 133 1843 197 1896; x_wconf 85' lang='lat' dir='ltr'><strong>est.</strong></span> <span class='ocrx_word' id='word_1_100' title='bbox 211 1825 372 1898; x_wconf 73' lang='lat' dir='ltr'><strong>Excessit</strong></span> <span class='ocrx_word' id='word_1_101' title='bbox 393 1825 485 1896; x_wconf 85' lang='lat' dir='ltr'><strong>filius</strong></span> <span class='ocrx_word' id='word_1_102' title='bbox 511 1839 590 1893; x_wconf 88' lang='lat' dir='ltr'><strong>tuus</strong></span> <span class='ocrx_word' id='word_1_103' title='bbox 615 1825 798 1908; x_wconf 88' lang='lat' dir='ltr'><strong>terminos,</strong></span> <span class='ocrx_word' id='word_1_104' title='bbox 821 1827 912 1894; x_wconf 90' lang='lat' dir='ltr'><strong>intra</strong></span> <span class='ocrx_word' id='word_1_105' title='bbox 939 1851 1024 1920; x_wconf 91' lang='lat' dir='ltr'><strong>quos</strong></span> <span class='ocrx_word' id='word_1_106' title='bbox 1043 1829 1202 1895; x_wconf 78' lang='lat' dir='ltr'><strong>servitur.</strong></span> <span class='ocrx_word' id='word_1_107' title='bbox 1231 1903 1233 1908; x_wconf 85' lang='lat'><em>.</em></span> 
     </span>
     <span class='ocr_line' id='line_1_14' title="bbox 133 1941 1207 2036; baseline -0.002 -24"><span class='ocrx_word' id='word_1_108' title='bbox 133 1944 278 2036; x_wconf 76' lang='lat' dir='ltr'><strong>Exeepu</strong></span> <span class='ocrx_word' id='word_1_109' title='bbox 290 1942 386 2012; x_wconf 90' lang='lat' dir='ltr'><strong>illum</strong></span> <span class='ocrx_word' id='word_1_110' title='bbox 399 1964 521 2035; x_wconf 75' lang='lat' dir='ltr'><strong>magum</strong></span> <span class='ocrx_word' id='word_1_111' title='bbox 534 1955 570 2007; x_wconf 90' lang='lat' dir='ltr'><strong>et</strong></span> <span class='ocrx_word' id='word_1_112' title='bbox 583 1955 708 2008; x_wconf 69' lang='lat' dir='ltr'><strong>eterna</strong></span> <span class='ocrx_word' id='word_1_113' title='bbox 721 1963 786 2032; x_wconf 81' lang='lat' dir='ltr'><strong>par</strong></span> <span class='ocrx_word' id='word_1_114' title='bbox 802 1968 812 2026; x_wconf 83' lang='lat'>3</span> <span class='ocrx_word' id='word_1_115' title='bbox 832 1965 901 2009; x_wconf 92' lang='lat' dir='ltr'><strong>uon</strong></span> <span class='ocrx_word' id='word_1_116' title='bbox 914 1941 1122 2034; x_wconf 83' lang='lat' dir='ltr'><strong>paupertatis</strong></span> <span class='ocrx_word' id='word_1_117' title='bbox 1137 1965 1207 2010; x_wconf 91' lang='lat' dir='ltr'><strong>me-</strong></span> 
     </span>
     <span class='ocr_line' id='line_1_15' title="bbox 135 2055 1208 2153; baseline -0.001 -25"><span class='ocrx_word' id='word_1_118' title='bbox 135 2077 194 2141; x_wconf 87' lang='lat' dir='ltr'><strong>tu,</strong></span> <span class='ocrx_word' id='word_1_119' title='bbox 216 2083 287 2130; x_wconf 90' lang='lat' dir='ltr'><strong>nou</strong></span> <span class='ocrx_word' id='word_1_120' title='bbox 304 2057 499 2128; x_wconf 86' lang='lat' dir='ltr'><strong>divitiarum</strong></span> <span class='ocrx_word' id='word_1_121' title='bbox 523 2081 627 2139; x_wconf 86' lang='lat' dir='ltr'><strong>cura,</strong></span> <span class='ocrx_word' id='word_1_122' title='bbox 653 2077 722 2124; x_wconf 88' lang='lat' dir='ltr'><strong>uon</strong></span> <span class='ocrx_word' id='word_1_123' title='bbox 745 2055 898 2125; x_wconf 90' lang='lat' dir='ltr'><strong>libidinis</strong></span> <span class='ocrx_word' id='word_1_124' title='bbox 915 2082 979 2152; x_wconf 89' lang='lat' dir='ltr'><strong>per</strong></span> <span class='ocrx_word' id='word_1_125' title='bbox 1000 2058 1208 2153; x_wconf 88' lang='lat' dir='ltr'><strong>voluptatem</strong></span> 
     </span>
     <span class='ocr_line' id='line_1_16' title="bbox 133 2167 1209 2268; baseline -0.003 -24"><span class='ocrx_word' id='word_1_126' title='bbox 133 2167 457 2268; x_wconf 75' lang='lat' dir='ltr'><strong>animosearp&#39;emis</strong></span> <span class='ocrx_word' id='word_1_127' title='bbox 472 2173 619 2242; x_wconf 86' lang='lat' dir='ltr'><strong>stimulis</strong></span> <span class='ocrx_word' id='word_1_128' title='bbox 634 2173 835 2257; x_wconf 77' lang='lat' dir='ltr'><strong>incessitur,</strong></span> <span class='ocrx_word' id='word_1_129' title='bbox 854 2198 924 2242; x_wconf 91' lang='lat' dir='ltr'><strong>non</strong></span> <span class='ocrx_word' id='word_1_130' title='bbox 949 2173 1079 2247; x_wconf 89' lang='lat' dir='ltr'><strong>invidia</strong></span> <span class='ocrx_word' id='word_1_131' title='bbox 1097 2174 1209 2243; x_wconf 81' lang='lat' dir='ltr'><strong>felici-</strong></span> 
     </span>
     <span class='ocr_line' id='line_1_17' title="bbox 136 2279 1258 2384; baseline -0.004 -22"><span class='ocrx_word' id='word_1_132' title='bbox 136 2293 215 2362; x_wconf 84' lang='lat' dir='ltr'><strong>tatis</strong></span> <span class='ocrx_word' id='word_1_133' title='bbox 237 2291 357 2362; x_wconf 81' lang='lat' dir='ltr'><strong>elienae</strong></span> <span class='ocrx_word' id='word_1_134' title='bbox 382 2290 555 2384; x_wconf 74' lang='lat' dir='ltr'><strong>tangitur,</strong></span> <span class='ocrx_word' id='word_1_135' title='bbox 576 2313 640 2357; x_wconf 88' lang='lat' dir='ltr'><strong>nec</strong></span> <span class='ocrx_word' id='word_1_136' title='bbox 662 2312 731 2358; x_wconf 79' lang='lat' dir='ltr'><strong>sum</strong></span> <span class='ocrx_word' id='word_1_137' title='bbox 752 2289 941 2382; x_wconf 92' lang='lat' dir='ltr'><strong>premitur,</strong></span> <span class='ocrx_word' id='word_1_138' title='bbox 961 2313 1025 2360; x_wconf 90' lang='lat' dir='ltr'><strong>uee</strong></span> <span class='ocrx_word' id='word_1_139' title='bbox 1048 2292 1210 2360; x_wconf 82' lang='lat' dir='ltr'><strong>conviciis</strong></span> <span class='ocrx_word' id='word_1_140' title='bbox 1256 2279 1258 2284; x_wconf 39' lang='lat'><strong>¹</strong></span> 
     </span>
     <span class='ocr_line' id='line_1_18' title="bbox 135 2404 1210 2500; baseline -0.001 -24"><span class='ocrx_word' id='word_1_141' title='bbox 135 2405 279 2499; x_wconf 87' lang='lat' dir='ltr'><strong>quidem</strong></span> <span class='ocrx_word' id='word_1_142' title='bbox 303 2406 383 2476; x_wconf 87' lang='lat' dir='ltr'><strong>ullis</strong></span> <span class='ocrx_word' id='word_1_143' title='bbox 407 2404 610 2476; x_wconf 78' lang='lat' dir='ltr'><strong>verecundae</strong></span> <span class='ocrx_word' id='word_1_144' title='bbox 632 2426 734 2474; x_wconf 87' lang='lat' dir='ltr'><strong>aures</strong></span> <span class='ocrx_word' id='word_1_145' title='bbox 754 2404 1003 2486; x_wconf 76' lang='lat' dir='ltr'><strong>verberantur3</strong></span> <span class='ocrx_word' id='word_1_146' title='bbox 1028 2406 1123 2474; x_wconf 92' lang='lat' dir='ltr'><strong>nulla</strong></span> <span class='ocrx_word' id='word_1_147' title='bbox 1144 2433 1210 2500; x_wconf 91' lang='lat' dir='ltr'><strong>pu·</strong></span> 
     </span>
     <span class='ocr_line' id='line_1_19' title="bbox 136 2519 1254 2616; baseline 0.004 -24"><span class='ocrx_word' id='word_1_148' title='bbox 136 2524 230 2592; x_wconf 90' lang='lat' dir='ltr'><strong>blica</strong></span> <span class='ocrx_word' id='word_1_149' title='bbox 242 2521 356 2592; x_wconf 84' lang='lat' dir='ltr'><strong>clades</strong></span> <span class='ocrx_word' id='word_1_150' title='bbox 370 2522 590 2616; x_wconf 85' lang='lat' dir='ltr'><strong>prospicitur,</strong></span> <span class='ocrx_word' id='word_1_151' title='bbox 610 2519 705 2588; x_wconf 91' lang='lat' dir='ltr'><strong>nulla</strong></span> <span class='ocrx_word' id='word_1_152' title='bbox 719 2520 853 2615; x_wconf 86' lang='lat' dir='ltr'><strong>privata</strong></span> <span class='ocrx_word' id='word_1_153' title='bbox 869 2548 879 2609; x_wconf 69' lang='grc' dir='ltr'><strong>ς</strong></span> <span class='ocrx_word' id='word_1_154' title='bbox 899 2543 967 2588; x_wconf 92' lang='lat' dir='ltr'><strong>non</strong></span> <span class='ocrx_word' id='word_1_155' title='bbox 983 2521 1148 2592; x_wconf 85' lang='lat' dir='ltr'><strong>sollicitus</strong></span> <span class='ocrx_word' id='word_1_156' title='bbox 1162 2522 1224 2590; x_wconf 72' lang='lat' dir='ltr'><strong>fir·</strong></span> <span class='ocrx_word' id='word_1_157' title='bbox 1249 2582 1254 2596; x_wconf 88' lang='grc'><em>,</em></span> 
     </span>
    </p>
   </div>
   <div class='ocr_carea' id='block_1_3' title="bbox 136 2737 1215 3907">
    <p class='ocr_par' dir='ltr' id='par_1_3' title="bbox 136 2737 1214 3129">
     <span class='ocr_line' id='line_1_20' title="bbox 175 2737 1213 2810; baseline 0 -16"><span class='ocrx_word' id='word_1_158' title='bbox 175 2743 264 2795; x_wconf 80' lang='lat' dir='ltr'><strong>1.Nee</strong></span> <span class='ocrx_word' id='word_1_159' title='bbox 277 2741 437 2805; x_wconf 75' lang='lat' dir='ltr'><strong>tribunatio,</strong></span> <span class='ocrx_word' id='word_1_160' title='bbox 456 2751 481 2792; x_wconf 82' lang='lat' dir='ltr'><strong>et</strong></span> <span class='ocrx_word' id='word_1_161' title='bbox 496 2759 551 2792; x_wconf 78' lang='lat' dir='ltr'><strong>reos</strong></span> <span class='ocrx_word' id='word_1_162' title='bbox 557 2778 566 2802; x_wconf 90' lang='lat'><strong>,</strong></span> <span class='ocrx_word' id='word_1_163' title='bbox 583 2750 609 2792; x_wconf 85' lang='lat' dir='ltr'><strong>et</strong></span> <span class='ocrx_word' id='word_1_164' title='bbox 624 2741 652 2792; x_wconf 87' lang='lat' dir='ltr'><strong>in</strong></span> <span class='ocrx_word' id='word_1_165' title='bbox 702 2738 771 2790; x_wconf 86' lang='lat' dir='ltr'><strong>euim</strong></span> <span class='ocrx_word' id='word_1_166' title='bbox 781 2737 825 2802; x_wconf 85' lang='lat' dir='ltr'><strong>iis,</strong></span> <span class='ocrx_word' id='word_1_167' title='bbox 836 2756 894 2810; x_wconf 76' lang='lat' dir='ltr'><strong>quse</strong></span> <span class='ocrx_word' id='word_1_168' title='bbox 904 2738 965 2802; x_wconf 83' lang='lat' dir='ltr'><strong>alias</strong></span> <span class='ocrx_word' id='word_1_169' title='bbox 975 2738 1073 2806; x_wconf 86' lang='lat' dir='ltr'><strong>posuit,</strong></span> <span class='ocrx_word' id='word_1_170' title='bbox 1085 2740 1213 2797; x_wconf 71' lang='lat' dir='ltr'><strong>wustitie-</strong></span> 
     </span>
     <span class='ocr_line' id='line_1_21' title="bbox 138 2809 1211 2890; baseline -0.002 -16"><span class='ocrx_word' id='word_1_171' title='bbox 138 2825 189 2876; x_wconf 84' lang='lat' dir='ltr'><strong>illa</strong></span> <span class='ocrx_word' id='word_1_172' title='bbox 200 2809 321 2874; x_wconf 79' lang='lat' dir='ltr'><strong>libertate</strong></span> <span class='ocrx_word' id='word_1_173' title='bbox 331 2829 388 2870; x_wconf 84' lang='lat' dir='ltr'><strong>tam</strong></span> <span class='ocrx_word' id='word_1_174' title='bbox 397 2816 468 2870; x_wconf 77' lang='lat' dir='ltr'><strong>laxo</strong></span> <span class='ocrx_word' id='word_1_175' title='bbox 479 2815 547 2870; x_wconf 81' lang='lat' dir='ltr'><strong>ullos</strong></span> <span class='ocrx_word' id='word_1_176' title='bbox 558 2819 652 2869; x_wconf 73' lang='lat' dir='ltr'><strong>irenam</strong></span> <span class='ocrx_word' id='word_1_177' title='bbox 701 2829 750 2878; x_wconf 83' lang='lat' dir='ltr'><strong>set,</strong></span> <span class='ocrx_word' id='word_1_178' title='bbox 768 2835 836 2868; x_wconf 84' lang='lat' dir='ltr'><strong>mors</strong></span> <span class='ocrx_word' id='word_1_179' title='bbox 843 2815 1015 2890; x_wconf 84' lang='lat' dir='ltr'><strong>proculdubio</strong></span> <span class='ocrx_word' id='word_1_180' title='bbox 1022 2815 1132 2883; x_wconf 87' lang='lat' dir='ltr'><strong>bonum,</strong></span> <span class='ocrx_word' id='word_1_181' title='bbox 1148 2819 1211 2889; x_wconf 85' lang='lat' dir='ltr'><strong>quin</strong></span> 
     </span>
     <span class='ocr_line' id='line_1_22' title="bbox 136 2893 1212 2970; baseline -0.002 -19"><span class='ocrx_word' id='word_1_182' title='bbox 136 2911 275 2970; x_wconf 68' lang='lat' dir='ltr'><strong>tynum</strong></span> <span class='ocrx_word' id='word_1_183' title='bbox 285 2897 325 2950; x_wconf 76' lang='lat' dir='ltr'><strong>Er</strong></span> <span class='ocrx_word' id='word_1_184' title='bbox 333 2896 427 2950; x_wconf 80' lang='lat' dir='ltr'><strong>Colon-</strong></span> <span class='ocrx_word' id='word_1_185' title='bbox 439 2895 495 2948; x_wconf 81' lang='lat' dir='ltr'><strong>eovl.</strong></span> <span class='ocrx_word' id='word_1_186' title='bbox 507 2913 545 2966; x_wconf 82' lang='lat' dir='ltr'><strong>ap.</strong></span> <span class='ocrx_word' id='word_1_187' title='bbox 558 2893 655 2946; x_wconf 86' lang='lat' dir='ltr'><strong>Grute·</strong></span> <span class='ocrx_word' id='word_1_188' title='bbox 702 2893 828 2968; x_wconf 84' lang='lat' dir='ltr'><strong>optimum</strong></span> <span class='ocrx_word' id='word_1_189' title='bbox 838 2906 917 2959; x_wconf 84' lang='lat' dir='ltr'><strong>esset,</strong></span> <span class='ocrx_word' id='word_1_190' title='bbox 937 2893 1007 2966; x_wconf 84' lang='lat' dir='ltr'><strong>quod</strong></span> <span class='ocrx_word' id='word_1_191' title='bbox 1021 2895 1101 2969; x_wconf 86' lang='lat' dir='ltr'><strong>expeti</strong></span> <span class='ocrx_word' id='word_1_192' title='bbox 1115 2908 1212 2968; x_wconf 86' lang='lat' dir='ltr'><strong>potest:</strong></span> 
     </span>
     <span class='ocr_line' id='line_1_23' title="bbox 138 2972 1214 3052; baseline -0.002 -21"><span class='ocrx_word' id='word_1_193' title='bbox 138 2998 198 3031; x_wconf 86' lang='lat' dir='ltr'><strong>rum</strong></span> <span class='ocrx_word' id='word_1_194' title='bbox 209 2976 304 3052; x_wconf 87' lang='lat' dir='ltr'><strong>recepit</strong></span> <span class='ocrx_word' id='word_1_195' title='bbox 310 2975 423 3030; x_wconf 85' lang='lat' dir='ltr'><strong>Gronov.</strong></span> <span class='ocrx_word' id='word_1_196' title='bbox 435 2983 518 3038; x_wconf 84' lang='lat' dir='ltr'><strong>et..·et,</strong></span> <span class='ocrx_word' id='word_1_197' title='bbox 527 2972 570 3048; x_wconf 49' lang='lat' dir='ltr'><strong>ite.</strong></span> <span class='ocrx_word' id='word_1_198' title='bbox 581 2990 654 3024; x_wconf 79' lang='lat' dir='ltr'><strong>uec...</strong></span> <span class='ocrx_word' id='word_1_199' title='bbox 703 2973 811 3036; x_wconf 76' lang='lat' dir='ltr'><strong>secedit,</strong></span> <span class='ocrx_word' id='word_1_200' title='bbox 824 2973 893 3044; x_wconf 87' lang='lat' dir='ltr'><strong>quod</strong></span> <span class='ocrx_word' id='word_1_201' title='bbox 906 2974 951 3045; x_wconf 92' lang='lat' dir='ltr'><strong>qui</strong></span> <span class='ocrx_word' id='word_1_202' title='bbox 964 2974 991 3029; x_wconf 85' lang='lat' dir='ltr'><strong>in</strong></span> <span class='ocrx_word' id='word_1_203' title='bbox 1003 2973 1115 3028; x_wconf 83' lang='lat' dir='ltr'><strong>nihilum</strong></span> <span class='ocrx_word' id='word_1_204' title='bbox 1125 2974 1214 3030; x_wconf 77' lang='lat' dir='ltr'><strong>redae-</strong></span> 
     </span>
     <span class='ocr_line' id='line_1_24' title="bbox 140 3051 1214 3129; baseline -0.002 -19"><span class='ocrx_word' id='word_1_205' title='bbox 140 3077 231 3110; x_wconf 82' lang='lat' dir='ltr'><strong>uec.·...</strong></span> <span class='ocrx_word' id='word_1_206' title='bbox 243 3056 275 3108; x_wconf 88' lang='lat' dir='ltr'><strong>ei&#39;.</strong></span> <span class='ocrx_word' id='word_1_207' title='bbox 289 3053 407 3107; x_wconf 83' lang='lat' dir='ltr'><strong>Gronov.</strong></span> <span class='ocrx_word' id='word_1_208' title='bbox 419 3053 494 3106; x_wconf 78' lang='lat' dir='ltr'><strong>Olus.</strong></span> <span class='ocrx_word' id='word_1_209' title='bbox 506 3052 543 3116; x_wconf 92' lang='lat' dir='ltr'><strong>ll,</strong></span> <span class='ocrx_word' id='word_1_210' title='bbox 559 3051 597 3116; x_wconf 64' lang='grc' dir='ltr'><strong>ιζ.</strong></span> <span class='ocrx_word' id='word_1_211' title='bbox 704 3064 743 3106; x_wconf 81' lang='lat' dir='ltr'><strong>tus</strong></span> <span class='ocrx_word' id='word_1_212' title='bbox 754 3051 803 3116; x_wconf 85' lang='lat' dir='ltr'><strong>sit,</strong></span> <span class='ocrx_word' id='word_1_213' title='bbox 819 3071 901 3123; x_wconf 89' lang='lat' dir='ltr'><strong>neque</strong></span> <span class='ocrx_word' id='word_1_214' title='bbox 916 3072 976 3126; x_wconf 81' lang='lat' dir='ltr'><strong>paee</strong></span> <span class='ocrx_word' id='word_1_215' title='bbox 994 3053 1046 3106; x_wconf 82' lang='lat' dir='ltr'><strong>frui</strong></span> <span class='ocrx_word' id='word_1_216' title='bbox 1061 3065 1150 3129; x_wconf 82' lang='lat' dir='ltr'><strong>potest.</strong></span> <span class='ocrx_word' id='word_1_217' title='bbox 1159 3055 1214 3108; x_wconf 86' lang='lat' dir='ltr'><strong>Nee</strong></span> 
     </span>
    </p>

    <p class='ocr_par' dir='ltr' id='par_1_4' title="bbox 139 3129 1215 3757">
     <span class='ocr_line' id='line_1_25' title="bbox 174 3129 1215 3206; baseline -0.001 -18"><span class='ocrx_word' id='word_1_218' title='bbox 174 3157 200 3188; x_wconf 78' lang='lat' dir='ltr'><strong>e·</strong></span> <span class='ocrx_word' id='word_1_219' title='bbox 219 3134 297 3188; x_wconf 81' lang='lat' dir='ltr'><strong>Ultra</strong></span> <span class='ocrx_word' id='word_1_220' title='bbox 314 3154 396 3206; x_wconf 80' lang='lat' dir='ltr'><strong>quom</strong></span> <span class='ocrx_word' id='word_1_221' title='bbox 409 3136 486 3186; x_wconf 78' lang='lat' dir='ltr'><strong>maio</strong></span> <span class='ocrx_word' id='word_1_222' title='bbox 499 3141 591 3184; x_wconf 81' lang='lat' dir='ltr'><strong>metm</strong></span> <span class='ocrx_word' id='word_1_223' title='bbox 606 3149 657 3182; x_wconf 82' lang='lat' dir='ltr'><strong>non</strong></span> <span class='ocrx_word' id='word_1_224' title='bbox 705 3129 851 3182; x_wconf 77' lang='lat' dir='ltr'><strong>Antoninus</strong></span> <span class='ocrx_word' id='word_1_225' title='bbox 864 3131 982 3183; x_wconf 83' lang='lat' dir='ltr'><strong>eamdem·</strong></span> <span class='ocrx_word' id='word_1_226' title='bbox 991 3151 1089 3206; x_wconf 84' lang='lat' dir='ltr'><strong>semper</strong></span> <span class='ocrx_word' id='word_1_227' title='bbox 1106 3146 1215 3187; x_wconf 86' lang='lat' dir='ltr'><strong>senten-</strong></span> 
     </span>
     <span class='ocr_line' id='line_1_26' title="bbox 139 3207 1212 3287; baseline -0.007 -15"><span class='ocrx_word' id='word_1_228' title='bbox 139 3226 249 3272; x_wconf 68' lang='lat' dir='ltr'><strong>ceant.</strong></span> <span class='ocrx_word' id='word_1_229' title='bbox 258 3216 371 3287; x_wconf 81' lang='lat' dir='ltr'><strong>lnqnem</strong></span> <span class='ocrx_word' id='word_1_230' title='bbox 379 3212 446 3268; x_wconf 64' lang='lat' dir='ltr'><strong>mdc</strong></span> <span class='ocrx_word' id='word_1_231' title='bbox 455 3213 547 3277; x_wconf 79' lang='lat' dir='ltr'><strong>nostre,</strong></span> <span class='ocrx_word' id='word_1_232' title='bbox 559 3210 658 3283; x_wconf 78' lang='lat' dir='ltr'><strong>quaevi-</strong></span> <span class='ocrx_word' id='word_1_233' title='bbox 704 3207 766 3272; x_wconf 76' lang='lat' dir='ltr'><strong>tiam</strong></span> <span class='ocrx_word' id='word_1_234' title='bbox 776 3219 875 3260; x_wconf 84' lang='lat' dir='ltr'><strong>secutus</strong></span> <span class='ocrx_word' id='word_1_235' title='bbox 886 3219 936 3272; x_wconf 86' lang='lat' dir='ltr'><strong>est,</strong></span> <span class='ocrx_word' id='word_1_236' title='bbox 954 3209 994 3272; x_wconf 86' lang='lat'><strong>11,</strong></span> <span class='ocrx_word' id='word_1_237' title='bbox 1011 3229 1038 3275; x_wconf 78' lang='lat'><strong>¹⁷</strong></span> <span class='ocrx_word' id='word_1_238' title='bbox 1049 3232 1057 3276; x_wconf 67' lang='grc' dir='ltr'><strong>ς</strong></span> <span class='ocrx_word' id='word_1_239' title='bbox 1069 3213 1103 3279; x_wconf 84' lang='lat' dir='ltr'><strong>V,</strong></span> <span class='ocrx_word' id='word_1_240' title='bbox 1119 3212 1151 3280; x_wconf 69' lang='lat'><strong>4,</strong></span> <span class='ocrx_word' id='word_1_241' title='bbox 1166 3214 1212 3279; x_wconf 79' lang='lat'><strong>13;</strong></span> 
     </span>
     <span class='ocr_line' id='line_1_27' title="bbox 139 3276 1020 3356; baseline -0.01 -10"><span class='ocrx_word' id='word_1_242' title='bbox 139 3307 193 3346; x_wconf 73' lang='lat' dir='ltr'><strong>um</strong></span> <span class='ocrx_word' id='word_1_243' title='bbox 203 3305 282 3346; x_wconf 75' lang='lat' dir='ltr'><strong>totam</strong></span> <span class='ocrx_word' id='word_1_244' title='bbox 294 3283 476 3346; x_wconf 81' lang='lat' dir='ltr'><strong>circumstetere</strong></span> <span class='ocrx_word' id='word_1_245' title='bbox 488 3303 514 3343; x_wconf 86' lang='lat' dir='ltr'><strong>et</strong></span> <span class='ocrx_word' id='word_1_246' title='bbox 525 3308 654 3356; x_wconf 79' lang='lat' dir='ltr'><strong>vexavere,</strong></span> <span class='ocrx_word' id='word_1_247' title='bbox 700 3276 751 3348; x_wconf 72' lang='grc' dir='ltr'><strong>Π,</strong></span> <span class='ocrx_word' id='word_1_248' title='bbox 764 3304 791 3336; x_wconf 82' lang='lat' dir='ltr'><strong>at</strong></span> <span class='ocrx_word' id='word_1_249' title='bbox 804 3320 811 3348; x_wconf 89' lang='lat'><strong>,</strong></span> <span class='ocrx_word' id='word_1_250' title='bbox 824 3283 868 3336; x_wconf 89' lang='lat' dir='ltr'><strong>ubi</strong></span> <span class='ocrx_word' id='word_1_251' title='bbox 881 3287 913 3338; x_wconf 82' lang='lat' dir='ltr'><strong>ci.</strong></span> <span class='ocrx_word' id='word_1_252' title='bbox 927 3285 1020 3340; x_wconf 77' lang='lat' dir='ltr'><strong>Gatak.</strong></span> 
     </span>
     <span class='ocr_line' id='line_1_28' title="bbox 141 3359 1214 3446; baseline -0.006 -21"><span class='ocrx_word' id='word_1_253' title='bbox 141 3391 199 3426; x_wconf 80' lang='lat' dir='ltr'><strong>uon</strong></span> <span class='ocrx_word' id='word_1_254' title='bbox 210 3369 370 3446; x_wconf 73' lang='lat' dir='ltr'><strong>perveniunt.</strong></span> <span class='ocrx_word' id='word_1_255' title='bbox 379 3368 457 3422; x_wconf 75' lang='lat' dir='ltr'><strong>flend</strong></span> <span class='ocrx_word' id='word_1_256' title='bbox 470 3367 551 3440; x_wconf 76' lang='lat' dir='ltr'><strong>rigide</strong></span> <span class='ocrx_word' id='word_1_257' title='bbox 565 3365 657 3418; x_wconf 85' lang='lat' dir='ltr'><strong>verbo-</strong></span> <span class='ocrx_word' id='word_1_258' title='bbox 709 3385 713 3392; x_wconf 92' lang='lat'>·</span> <span class='ocrx_word' id='word_1_259' title='bbox 739 3366 763 3415; x_wconf 87' lang='grc'><strong>5.</strong></span> <span class='ocrx_word' id='word_1_260' title='bbox 776 3359 859 3432; x_wconf 80' lang='lat' dir='ltr'><strong>Quod</strong></span> <span class='ocrx_word' id='word_1_261' title='bbox 865 3381 926 3414; x_wconf 79' lang='lat' dir='ltr'><strong>vem</strong></span> <span class='ocrx_word' id='word_1_262' title='bbox 937 3367 1025 3432; x_wconf 79' lang='lat' dir='ltr'><strong>ipsum</strong></span> <span class='ocrx_word' id='word_1_263' title='bbox 1036 3365 1102 3417; x_wconf 73' lang='lat' dir='ltr'><strong>nihii</strong></span> <span class='ocrx_word' id='word_1_264' title='bbox 1111 3377 1158 3418; x_wconf 80' lang='lat' dir='ltr'><strong>est.</strong></span> <span class='ocrx_word' id='word_1_265' title='bbox 1170 3365 1214 3420; x_wconf 88' lang='lat' dir='ltr'><strong>Sic</strong></span> 
     </span>
     <span class='ocr_line' id='line_1_29' title="bbox 143 3439 1214 3522; baseline -0.007 -18"><span class='ocrx_word' id='word_1_266' title='bbox 143 3471 201 3504; x_wconf 84' lang='lat' dir='ltr'><strong>rum</strong></span> <span class='ocrx_word' id='word_1_267' title='bbox 214 3469 301 3502; x_wconf 82' lang='lat' dir='ltr'><strong>sensus</strong></span> <span class='ocrx_word' id='word_1_268' title='bbox 311 3447 450 3522; x_wconf 74' lang='lat' dir='ltr'><strong>exigendus</strong></span> <span class='ocrx_word' id='word_1_269' title='bbox 460 3457 577 3502; x_wconf 69' lang='lat' dir='ltr'><strong>estruem</strong></span> <span class='ocrx_word' id='word_1_270' title='bbox 589 3463 654 3517; x_wconf 91' lang='lat' dir='ltr'><strong>pro·</strong></span> <span class='ocrx_word' id='word_1_271' title='bbox 706 3441 734 3493; x_wconf 91' lang='lat' dir='ltr'><strong>in</strong></span> <span class='ocrx_word' id='word_1_272' title='bbox 748 3439 877 3494; x_wconf 85' lang='lat' dir='ltr'><strong>Troadum</strong></span> <span class='ocrx_word' id='word_1_273' title='bbox 894 3441 990 3494; x_wconf 86' lang='lat' dir='ltr'><strong>choro:</strong></span> <span class='ocrx_word' id='word_1_274' title='bbox 1006 3463 1019 3489; x_wconf 77' lang='grc' dir='ltr'>κ</span> <span class='ocrx_word' id='word_1_275' title='bbox 1032 3442 1093 3496; x_wconf 87' lang='lat' dir='ltr'><strong>Post</strong></span> <span class='ocrx_word' id='word_1_276' title='bbox 1107 3458 1214 3498; x_wconf 87' lang='lat' dir='ltr'><strong>mortem</strong></span> 
     </span>
     <span class='ocr_line' id='line_1_30' title="bbox 143 3520 1139 3604; baseline -0.009 -24"><span class='ocrx_word' id='word_1_277' title='bbox 143 3520 658 3604; x_wconf 76' lang='lat' dir='ltr'><strong>priemegisdicereturtultrevitommala</strong></span> <span class='ocrx_word' id='word_1_278' title='bbox 707 3521 774 3574; x_wconf 83' lang='lat' dir='ltr'><strong>nihil</strong></span> <span class='ocrx_word' id='word_1_279' title='bbox 787 3534 835 3584; x_wconf 83' lang='lat' dir='ltr'><strong>est,</strong></span> <span class='ocrx_word' id='word_1_280' title='bbox 846 3525 954 3592; x_wconf 83' lang='lat' dir='ltr'><strong>ipsoque</strong></span> <span class='ocrx_word' id='word_1_281' title='bbox 963 3543 1034 3575; x_wconf 79' lang='lat' dir='ltr'><strong>mors</strong></span> <span class='ocrx_word' id='word_1_282' title='bbox 1045 3523 1118 3580; x_wconf 69' lang='lat' dir='ltr'><strong>mitt.</strong></span> <span class='ocrx_word' id='word_1_283' title='bbox 1125 3545 1139 3571; x_wconf 83' lang='lat'><strong>»</strong></span> 
     </span>
     <span class='ocr_line' id='line_1_31' title="bbox 144 3599 1215 3673; baseline -0.006 -12"><span class='ocrx_word' id='word_1_284' title='bbox 144 3618 232 3660; x_wconf 77' lang='lat' dir='ltr'><strong>nostra</strong></span> <span class='ocrx_word' id='word_1_285' title='bbox 244 3623 298 3656; x_wconf 87' lang='lat' dir='ltr'><strong>nou</strong></span> <span class='ocrx_word' id='word_1_286' title='bbox 307 3603 386 3666; x_wconf 77' lang='lat' dir='ltr'><strong>exire,</strong></span> <span class='ocrx_word' id='word_1_287' title='bbox 395 3601 485 3665; x_wconf 83' lang='lat' dir='ltr'><strong>vel,ad</strong></span> <span class='ocrx_word' id='word_1_288' title='bbox 495 3612 602 3652; x_wconf 86' lang='lat' dir='ltr'><strong>mortem</strong></span> <span class='ocrx_word' id='word_1_289' title='bbox 611 3617 656 3651; x_wconf 88' lang='lat' dir='ltr'><strong>us·</strong></span> <span class='ocrx_word' id='word_1_290' title='bbox 738 3599 762 3652; x_wconf 69' lang='lat' dir='ltr'><strong>s</strong></span> <span class='ocrx_word' id='word_1_291' title='bbox 776 3600 874 3653; x_wconf 85' lang='lat' dir='ltr'><strong>Omnia</strong></span> <span class='ocrx_word' id='word_1_292' title='bbox 888 3603 916 3652; x_wconf 81' lang='lat' dir='ltr'><strong>in</strong></span> <span class='ocrx_word' id='word_1_293' title='bbox 928 3601 1040 3654; x_wconf 76' lang='lat' dir='ltr'><strong>nihilum</strong></span> <span class='ocrx_word' id='word_1_294' title='bbox 1053 3604 1153 3673; x_wconf 68' lang='lat' dir='ltr'><strong>redigit.</strong></span> <span class='ocrx_word' id='word_1_295' title='bbox 1167 3603 1215 3656; x_wconf 83' lang='lat' dir='ltr'><strong>llis</strong></span> 
     </span>
     <span class='ocr_line' id='line_1_32' title="bbox 142 3676 1214 3757; baseline -0.005 -20"><span class='ocrx_word' id='word_1_296' title='bbox 142 3703 195 3757; x_wconf 88' lang='lat' dir='ltr'><strong>que</strong></span> <span class='ocrx_word' id='word_1_297' title='bbox 209 3701 263 3734; x_wconf 86' lang='lat' dir='ltr'><strong>non</strong></span> <span class='ocrx_word' id='word_1_298' title='bbox 275 3676 352 3734; x_wconf 76' lang='lat' dir='ltr'><strong>exire.</strong></span> <span class='ocrx_word' id='word_1_299' title='bbox 705 3676 779 3750; x_wconf 81' lang='lat' dir='ltr'><strong>plane</strong></span> <span class='ocrx_word' id='word_1_300' title='bbox 793 3676 918 3730; x_wconf 80' lang='lat' dir='ltr'><strong>contraria</strong></span> <span class='ocrx_word' id='word_1_301' title='bbox 932 3679 1042 3751; x_wconf 73' lang='lat' dir='ltr'><strong>reperiet</strong></span> <span class='ocrx_word' id='word_1_302' title='bbox 1057 3680 1141 3746; x_wconf 77' lang='lat' dir='ltr'><strong>iufra,</strong></span> <span class='ocrx_word' id='word_1_303' title='bbox 1161 3699 1214 3753; x_wconf 84' lang='lat' dir='ltr'><strong>eap.</strong></span> 
     </span>
    </p>

    <p class='ocr_par' dir='ltr' id='par_1_5' title="bbox 147 3753 1215 3907">
     <span class='ocr_line' id='line_1_33' title="bbox 180 3753 1215 3827; baseline 0.004 -17"><span class='ocrx_word' id='word_1_304' title='bbox 180 3759 205 3810; x_wconf 84' lang='lat'><strong>3.</strong></span> <span class='ocrx_word' id='word_1_305' title='bbox 219 3760 256 3812; x_wconf 82' lang='lat' dir='ltr'><strong>In</strong></span> <span class='ocrx_word' id='word_1_306' title='bbox 269 3759 348 3810; x_wconf 81' lang='lat' dir='ltr'><strong>iilam</strong></span> <span class='ocrx_word' id='word_1_307' title='bbox 358 3763 460 3827; x_wconf 78' lang='lat' dir='ltr'><strong>tranq...</strong></span> <span class='ocrx_word' id='word_1_308' title='bbox 470 3759 575 3824; x_wconf 82' lang='lat' dir='ltr'><strong>reponit.</strong></span> <span class='ocrx_word' id='word_1_309' title='bbox 587 3753 658 3806; x_wconf 86' lang='lat' dir='ltr'><strong>idem</strong></span> <span class='ocrx_word' id='word_1_310' title='bbox 708 3769 782 3818; x_wconf 78' lang='lat' dir='ltr'><strong>xxiv,</strong></span> <span class='ocrx_word' id='word_1_311' title='bbox 795 3767 820 3808; x_wconf 87' lang='lat' dir='ltr'><strong>et</strong></span> <span class='ocrx_word' id='word_1_312' title='bbox 831 3771 882 3808; x_wconf 83' lang='lat' dir='ltr'><strong>xxv</strong></span> <span class='ocrx_word' id='word_1_313' title='bbox 891 3756 936 3810; x_wconf 87' lang='lat' dir='ltr'><strong>ubi</strong></span> <span class='ocrx_word' id='word_1_314' title='bbox 948 3757 1104 3812; x_wconf 76' lang='lat' dir='ltr'><strong>immortales</strong></span> <span class='ocrx_word' id='word_1_315' title='bbox 1116 3758 1215 3814; x_wconf 74' lang='lat' dir='ltr'><strong>animet</strong></span> 
     </span>
     <span class='ocr_line' id='line_1_34' title="bbox 147 3830 857 3907; baseline -0.008 -17"><span class='ocrx_word' id='word_1_316' title='bbox 147 3837 250 3890; x_wconf 83' lang='lat' dir='ltr'><strong>Plinius</strong></span> <span class='ocrx_word' id='word_1_317' title='bbox 262 3853 268 3887; x_wconf 90' lang='lat'><strong>:</strong></span> <span class='ocrx_word' id='word_1_318' title='bbox 279 3856 292 3882; x_wconf 75' lang='lat' dir='ltr'><strong>s</strong></span> <span class='ocrx_word' id='word_1_319' title='bbox 304 3853 352 3888; x_wconf 85' lang='lat' dir='ltr'><strong>nee</strong></span> <span class='ocrx_word' id='word_1_320' title='bbox 364 3833 469 3907; x_wconf 74' lang='lat' dir='ltr'><strong>magite</strong></span> <span class='ocrx_word' id='word_1_321' title='bbox 482 3845 562 3886; x_wconf 89' lang='lat' dir='ltr'><strong>morte</strong></span> <span class='ocrx_word' id='word_1_322' title='bbox 574 3851 661 3884; x_wconf 79' lang='lat' dir='ltr'><strong>sensus</strong></span> <span class='ocrx_word' id='word_1_323' title='bbox 710 3851 762 3884; x_wconf 84' lang='lat' dir='ltr'><strong>esse</strong></span> <span class='ocrx_word' id='word_1_324' title='bbox 776 3830 857 3885; x_wconf 84' lang='lat' dir='ltr'><strong>docet.</strong></span> 
     </span>
    </p>
   </div>
   <div class='ocr_carea' id='block_1_4' title="bbox 144 3903 1218 4299">
    <p class='ocr_par' dir='ltr' id='par_1_6' title="bbox 144 3903 1218 4299">
     <span class='ocr_line' id='line_1_35' title="bbox 144 3903 1216 3985; baseline 0.002 -20"><span class='ocrx_word' id='word_1_325' title='bbox 144 3913 216 3965; x_wconf 79' lang='lat' dir='ltr'><strong>nllus</strong></span> <span class='ocrx_word' id='word_1_326' title='bbox 234 3923 278 3966; x_wconf 78' lang='lat' dir='ltr'><strong>sut</strong></span> <span class='ocrx_word' id='word_1_327' title='bbox 299 3912 400 3985; x_wconf 82' lang='lat' dir='ltr'><strong>corpori</strong></span> <span class='ocrx_word' id='word_1_328' title='bbox 419 3923 463 3964; x_wconf 81' lang='lat' dir='ltr'><strong>aut</strong></span> <span class='ocrx_word' id='word_1_329' title='bbox 479 3911 661 3981; x_wconf 66' lang='lat' dir='ltr'><strong>animaequae:</strong></span> <span class='ocrx_word' id='word_1_330' title='bbox 745 3930 766 3979; x_wconf 88' lang='lat'><strong>7.</strong></span> <span class='ocrx_word' id='word_1_331' title='bbox 777 3910 857 3963; x_wconf 80' lang='lat' dir='ltr'><strong>Mala</strong></span> <span class='ocrx_word' id='word_1_332' title='bbox 869 3914 938 3964; x_wconf 77' lang='lat' dir='ltr'><strong>euim</strong></span> <span class='ocrx_word' id='word_1_333' title='bbox 940 3949 980 3966; x_wconf 88' lang='grc'><strong>.....</strong></span> <span class='ocrx_word' id='word_1_334' title='bbox 990 3916 1140 3967; x_wconf 81' lang='lat' dir='ltr'><strong>materiam.</strong></span> <span class='ocrx_word' id='word_1_335' title='bbox 1150 3903 1216 3973; x_wconf 69' lang='lat' dir='ltr'><strong>l&#39;lns</strong></span> 
     </span>
     <span class='ocr_line' id='line_1_36' title="bbox 146 3987 1217 4061; baseline 0.002 -16"><span class='ocrx_word' id='word_1_336' title='bbox 146 4005 208 4046; x_wconf 82' lang='lat' dir='ltr'><strong>ente</strong></span> <span class='ocrx_word' id='word_1_337' title='bbox 215 3989 506 4044; x_wconf 57' lang='lat' dir='ltr'><strong>nanterusvidttour.</strong></span> <span class='ocrx_word' id='word_1_338' title='bbox 515 3987 543 4040; x_wconf 89' lang='lat' dir='ltr'><strong>in</strong></span> <span class='ocrx_word' id='word_1_339' title='bbox 553 3988 600 4061; x_wconf 85' lang='lat' dir='ltr'><strong>Ep.</strong></span> <span class='ocrx_word' id='word_1_340' title='bbox 609 4003 661 4039; x_wconf 80' lang='lat' dir='ltr'><strong>Ltv.</strong></span> <span class='ocrx_word' id='word_1_341' title='bbox 709 3991 815 4061; x_wconf 85' lang='lat' dir='ltr'><strong>opponit</strong></span> <span class='ocrx_word' id='word_1_342' title='bbox 832 3987 922 4043; x_wconf 84' lang='lat' dir='ltr'><strong>nihilo.</strong></span> <span class='ocrx_word' id='word_1_343' title='bbox 945 3989 1003 4044; x_wconf 83' lang='lat' dir='ltr'><strong>Jem</strong></span> <span class='ocrx_word' id='word_1_344' title='bbox 1021 4011 1100 4061; x_wconf 85' lang='lat' dir='ltr'><strong>quum</strong></span> <span class='ocrx_word' id='word_1_345' title='bbox 1116 3993 1217 4048; x_wconf 75' lang='lat' dir='ltr'><strong>animm</strong></span> 
     </span>
     <span class='ocr_line' id='line_1_37' title="bbox 183 4060 1217 4140; baseline 0.003 -19"><span class='ocrx_word' id='word_1_346' title='bbox 183 4069 208 4134; x_wconf 67' lang='lat' dir='ltr'><strong>i,</strong></span> <span class='ocrx_word' id='word_1_347' title='bbox 216 4067 291 4122; x_wconf 81' lang='lat' dir='ltr'><strong>Mors</strong></span> <span class='ocrx_word' id='word_1_348' title='bbox 302 4060 418 4121; x_wconf 64' lang='lat' dir='ltr'><strong>&#39;stellet</strong></span> <span class='ocrx_word' id='word_1_349' title='bbox 431 4067 510 4121; x_wconf 75' lang='lat' dir='ltr'><strong>fusius</strong></span> <span class='ocrx_word' id='word_1_350' title='bbox 520 4079 661 4140; x_wconf 78' lang='lat' dir='ltr'><strong>pertracta-</strong></span> <span class='ocrx_word' id='word_1_351' title='bbox 710 4065 818 4130; x_wconf 84' lang='lat' dir='ltr'><strong>deletus,</strong></span> <span class='ocrx_word' id='word_1_352' title='bbox 831 4067 858 4120; x_wconf 87' lang='lat' dir='ltr'><strong>iu</strong></span> <span class='ocrx_word' id='word_1_353' title='bbox 869 4067 979 4122; x_wconf 88' lang='lat' dir='ltr'><strong>nihilum</strong></span> <span class='ocrx_word' id='word_1_354' title='bbox 992 4068 1105 4122; x_wconf 80' lang='lat' dir='ltr'><strong>redactus</strong></span> <span class='ocrx_word' id='word_1_355' title='bbox 1115 4070 1164 4137; x_wconf 82' lang='lat' dir='ltr'><strong>rit,</strong></span> <span class='ocrx_word' id='word_1_356' title='bbox 1179 4073 1217 4124; x_wconf 89' lang='lat' dir='ltr'><strong>ni·</strong></span> 
     </span>
     <span class='ocr_line' id='line_1_38' title="bbox 147 4142 1218 4220; baseline -0.002 -16"><span class='ocrx_word' id='word_1_357' title='bbox 147 4151 187 4204; x_wconf 85' lang='lat' dir='ltr'><strong>vit</strong></span> <span class='ocrx_word' id='word_1_358' title='bbox 199 4149 338 4202; x_wconf 75' lang='lat' dir='ltr'><strong>Cic-&#39;lusu</strong></span> <span class='ocrx_word' id='word_1_359' title='bbox 348 4148 462 4220; x_wconf 85' lang='lat' dir='ltr'><strong>l,5sqq.</strong></span> <span class='ocrx_word' id='word_1_360' title='bbox 475 4146 532 4200; x_wconf 86' lang='lat' dir='ltr'><strong>Sibi</strong></span> <span class='ocrx_word' id='word_1_361' title='bbox 543 4167 661 4200; x_wconf 81' lang='lat' dir='ltr'><strong>concon·</strong></span> <span class='ocrx_word' id='word_1_362' title='bbox 710 4142 748 4197; x_wconf 83' lang='lat' dir='ltr'><strong>hit</strong></span> <span class='ocrx_word' id='word_1_363' title='bbox 769 4165 850 4216; x_wconf 87' lang='lat' dir='ltr'><strong>neque</strong></span> <span class='ocrx_word' id='word_1_364' title='bbox 872 4145 988 4210; x_wconf 69' lang='lat' dir='ltr'><strong>ndum,</strong></span> <span class='ocrx_word' id='word_1_365' title='bbox 1014 4167 1096 4218; x_wconf 77' lang='lat' dir='ltr'><strong>neque</strong></span> <span class='ocrx_word' id='word_1_366' title='bbox 1120 4147 1218 4202; x_wconf 64' lang='lat' dir='ltr'><strong>mnam</strong></span> 
     </span>
     <span class='ocr_line' id='line_1_39' title="bbox 148 4222 1195 4299; baseline -0.002 -19"><span class='ocrx_word' id='word_1_367' title='bbox 148 4237 198 4280; x_wconf 77' lang='lat' dir='ltr'><strong>etat</strong></span> <span class='ocrx_word' id='word_1_368' title='bbox 220 4227 313 4280; x_wconf 82' lang='lat' dir='ltr'><strong>Noster</strong></span> <span class='ocrx_word' id='word_1_369' title='bbox 331 4226 358 4278; x_wconf 87' lang='lat' dir='ltr'><strong>in</strong></span> <span class='ocrx_word' id='word_1_370' title='bbox 380 4224 427 4278; x_wconf 84' lang='lat' dir='ltr'><strong>hac</strong></span> <span class='ocrx_word' id='word_1_371' title='bbox 449 4223 611 4299; x_wconf 78' lang='lat' dir='ltr'><strong>expositione.</strong></span> <span class='ocrx_word' id='word_1_372' title='bbox 632 4223 662 4277; x_wconf 82' lang='lat' dir='ltr'><strong>si</strong></span> <span class='ocrx_word' id='word_1_373' title='bbox 710 4222 803 4276; x_wconf 81' lang='lat' dir='ltr'><strong>sentire</strong></span> <span class='ocrx_word' id='word_1_374' title='bbox 811 4235 899 4298; x_wconf 82' lang='lat' dir='ltr'><strong>potest.</strong></span> <span class='ocrx_word' id='word_1_375' title='bbox 913 4222 966 4277; x_wconf 79' lang='lat' dir='ltr'><strong>cie.</strong></span> <span class='ocrx_word' id='word_1_376' title='bbox 976 4224 1051 4277; x_wconf 76' lang='lat' dir='ltr'><strong>Tuae.</strong></span> <span class='ocrx_word' id='word_1_377' title='bbox 1064 4226 1087 4291; x_wconf 94' lang='lat' dir='ltr'><strong>l,</strong></span> <span class='ocrx_word' id='word_1_378' title='bbox 1099 4223 1195 4297; x_wconf 60' lang='lat' dir='ltr'><strong>iisqq.</strong></span> 
     </span>
    </p>
   </div>
   <div class='ocr_carea' id='block_1_5' title="bbox 0 0 1533 4942">
    <p class='ocr_par' dir='ltr' id='par_1_7' title="bbox 0 0 1533 4942">
     <span class='ocr_line' id='line_1_40' title="bbox 0 0 1533 4942; baseline 0 0"><span class='ocrx_word' id='word_1_379' title='bbox 0 0 1533 4942; x_wconf 95' lang='lat' dir='ltr'><strong> </strong></span> 
     </span>
    </p>
   </div>
  </div>
 </body>
</html>
