2966 4948
334 484 398 550 πᾶα
498 477 567 564 DE
590 475 785 548 MORTE
809 477 1032 550 CLAUDII
1056 477 1241 550 LUDUS.

371 607 401 668 lu
412 625 464 670 no·
476 603 579 684 8542,
605 603 874 681 membranaceus,
899 607 1032 690 primum
1046 605 1184 685 Thnoni,
1207 620 1316 692 postea
1329 604 1412 672 Col-

413 712 511 788 herti,
527 731 594 775 erec
609 710 705 789 XIV,
723 725 775 774 aut
788 711 852 774 XV
865 714 986 775 ineunte
1001 714 1137 797 scriptus.

332 816 481 902 Reliquos
493 819 580 882 codd.
594 839 665 882 mss.
687 817 728 880 ah
747 819 835 881 amic
857 818 936 882 Viro
950 839 1013 881 non
1028 819 1151 883 uberius
1165 821 1357 903 descriptos,
1383 823 1409 883 si

307 987 312 998 ,
330 923 410 986 l'orte
423 945 531 988 eorum
543 924 659 986 mentio
669 923 749 988 lacta
763 938 824 1002 est,
841 925 937 988 literis
952 925 1075 1010 signavi.
1090 923 1167 988 Sunt
1185 923 1284 990 Codd'.
1306 926 1405 1003 8501,

330 1030 430 1109 8544,
444 1045 476 1094 et
488 1029 587 1108 8524,
604 1031 656 1114 qni
678 1045 781 1095 tamen
799 1031 843 1094 nil
860 1032 918 1095 nisi
939 1032 1076 1116 opusculi
1095 1032 1214 1094 initium
1234 1033 1407 1096 continent.

329 1135 564 1202 honoratissime
577 1137 705 1222 scriptus
719 1151 765 1201 est
782 1135 887 1203 Codex
901 1159 974 1202 mss.
989 1167 1024 1217 α,
1040 1141 1104 1202 sire
1117 1160 1148 1201 n.
1163 1137 1265 1215 6630,
1286 1140 1343 1222 qni
1355 1153 1407 1202 to-

329 1249 378 1300 tns
390 1237 518 1302 collatus
531 1250 593 1312 est,
609 1238 719 1321 reliqui
732 1237 898 1301 maximam
913 1252 1033 1324 partem
1048 1261 1056 1298 e
1077 1241 1132 1302 sed
1146 1240 1186 1300 ad
1199 1259 1294 1301 onam
1310 1239 1407 1302 lami-

329 1343 404 1410 liam
420 1364 528 1406 omnes
540 1345 681 1408 undecim
697 1345 851 1428 pertinere
865 1343 983 1408 clarum
998 1358 1054 1408 est
1070 1341 1189 1408 Omnes
1203 1344 1321 1408 hahent
1335 1367 1407 1408 eas-

329 1452 400 1514 dem
414 1450 554 1528 lacunas,
570 1465 602 1514 et
614 1453 737 1514 easdem
747 1451 811 1514 lere
822 1451 1028 1536 corruptelas,
1042 1451 1154 1536 qnippe
1165 1451 1300 1515 ecodice
1311 1473 1405 1534 qnam

328 1557 461 1621 maxime
474 1557 577 1620 lacero
593 1557 735 1642 descripti
753 1583 761 1616 :
774 1557 920 1642 proinde,
936 1578 1030 1640 quum
1043 1561 1131 1622 codd.
1143 1577 1206 1620 non
1219 1559 1404 1620 numerandi

328 1665 382 1726 sed
393 1659 581 1747 ponderandi
592 1665 669 1741 sint,
685 1686 743 1748 pro
756 1685 818 1744 ono
831 1667 999 1747 eodemque
1012 1665 1144 1728 habendi
1158 1678 1237 1728 sunt.

367 1765 521 1847 Lucrum,
538 1771 619 1852 qnod
637 1792 673 1832 ex
692 1769 750 1832 hac
765 1771 906 1835 undecim
920 1773 1007 1834 codd.
1022 1792 1094 1834 mss.
1108 1771 1272 1833 collatione
1291 1791 1403 1855 capere

325 1873 415 1952 licet,
433 1873 532 1960 exigui
546 1889 592 1938 est
604 1876 752 1938 momenti
767 1875 878 1938 adhoc
893 1876 1072 1960 opusculum
1086 1876 1294 1954 emendatius,
1308 1897 1403 1958 quant

326 1979 393 2042 fieri
411 1982 450 2043 ad
467 1980 548 2044 hrmc
563 1981 645 2044 diem
656 1981 774 2064 potuit,
791 1980 1013 2058 exhibendum,
1029 1995 1060 2042 et
1073 1981 1321 2044 observationem
1332 1979 1402 2042 Viri

286 2135 299 2156 ,
324 2086 501 2150 amicissimi
517 2087 657 2150 eamdem
677 2108 798 2150 mecum
821 2087 1076 2150 communicatam
1097 2087 1158 2148 ridi
1178 2086 1401 2150 confirmatam.

324 2190 479 2274 Quidquid
500 2205 603 2256 tomen
621 2192 837 2276 prestiterint,
859 2193 1005 2254 adnotare
1023 2212 1086 2253 non
1102 2192 1239 2275 neglexi,
1257 2205 1291 2254 ut
1302 2193 1401 2274 quiris

323 2296 418 2359 oculis
434 2297 496 2359 suis
516 2297 619 2359 ridere
640 2310 670 2358 et
689 2296 833 2378 judicium
852 2293 933 2359 l'erre
952 2295 1078 2358 valeret.
1103 2295 1173 2360 Hoc
1195 2311 1278 2360 certe
1301 2301 1342 2360 ad
1360 2299 1403 2360 li-

322 2403 446 2486 quidnm
459 2404 621 2468 deductum
634 2424 699 2467 esse
710 2424 792 2466 nnnc
805 2416 947 2486 apparet,
963 2401 1088 2466 Parisiis
1098 2403 1213 2466 nullam
1224 2404 1296 2467 huic
1312 2425 1403 2487 opus-

321 2511 391 2574 culo
406 2510 508 2574 lacero
524 2510 654 2574 mlutem
667 2511 829 2594 petendam
848 2529 924 2572 esse.

362 2615 432 2698 Qua
445 2617 569 2700 quidem
584 2637 638 2701 spe
652 2637 746 2697 qnnm
765 2616 807 2678 ita
821 2616 1016 2692 excidissem,
1033 2615 1143 2678 lentior
1162 2616 1258 2679 sactus
1276 2637 1345 2678 snm
1360 2619 1398 2677 ad

320 2724 414 2816 aliam
429 2724 660 2808 concipiendam
674 2737 705 2786 et
718 2723 876 2799 alendam,
892 2744 959 2805 qure
972 2744 1009 2784 ex
1024 2723 1159 2807 epistolis
1171 2723 1397 2784 humanissimis

320 2827 390 2891 Viri
403 2829 539 2893 doctrina
552 2841 583 2891 et
595 2828 712 2891 meritis
725 2831 763 2891 de
778 2828 873 2892 literis
887 2826 1070 2892 venerabilis
1083 2829 1150 2892 Joc.
1164 2831 1304 2906 Morellii,
1320 2851 1397 2912 pra-

319 2934 391 3000 secti
404 2933 603 2998 Bibliothecae
626 2931 813 3012 Marciana,
840 2955 906 3016 qne
929 2933 1067 2996 Venetiis
1093 2948 1175 2996 tanto
1200 2936 1305 2998 decori
1327 2947 1393 3009 est,

319 3041 526 3116 meritissimi,
547 3041 587 3102 ad
596 3039 770 3104 Fesslerum
787 3039 820 3106 S.
834 3039 876 3102 V.
890 3042 967 3106 datis
977 3041 1080 3104 enasci
1096 3041 1209 3123 alioqui
1220 3042 1370 3124 potuisset
1386 3063 1393 3099 :

319 3169 502 3231 quamquam
516 3147 569 3210 ille
582 3148 676 3210 codex
693 3169 765 3210 mss.
783 3146 931 3211 Morellio
944 3161 1104 3221 monente,
1130 3167 1181 3210 no.
1198 3145 1280 3231 267,
1302 3149 1393 3222 in-l„

319 3250 512 3316 ssecnloXlV
520 3253 741 3337 scriptnssitab
749 3254 869 3318 indocto
878 3252 1006 3316 librario
1017 3267 1047 3316 et
1056 3266 1135 3316 totns
1141 3253 1260 3316 mendis
1270 3265 1392 3318 scateat.

318 3358 367 3424 Ne
380 3374 482 3424 tamen
496 3359 640 3444 quidquid
653 3359 823 3424 officiorum
834 3361 865 3422 in
877 3361 1025 3424 editorem
1044 3360 1207 3444 impigrum
1221 3359 1393 3422 cadentium

317 3466 546 3551 praeterrnisisse
559 3465 698 3544 incuset,
711 3466 853 3550 precibus
868 3466 928 3528 adii
944 3467 1091 3551 Heynium
1104 3464 1146 3526 V.
1157 3463 1206 3527 lll.
1218 3465 1287 3528 inde
1302 3486 1322 3526 a
1336 3465 1395 3526 tri-

316 3575 398 3658 ginta
417 3572 481 3636 sere
498 3574 584 3636 annis
594 3576 632 3637 de
646 3595 698 3637 me
711 3574 814 3636 multIs
826 3572 1000 3636 nominihus
1013 3573 1263 3648 meritissimum,
1279 3584 1313 3634 ut
1325 3569 1394 3632 Mo

317 3681 455 3756 rellitmr,
476 3701 607 3763 quocum
630 3693 660 3742 et
681 3680 839 3742 literar-run
863 3681 1049 3744 commercio
1067 3694 1098 3743 et
1113 3679 1252 3742 amicitie
1272 3678 1392 3740 vinculo

317 3807 382 3848 esse
400 3787 536 3869 jrmctrnn
548 3805 780 3870 compereram,
800 3785 946 3869 opusculo
958 3785 1029 3848 huic
1046 3807 1115 3848 ctnn
1129 3785 1184 3848 illo
1200 3785 1306 3848 codice
1322 3805 1392 3846 con-

316 3893 442 3956 serendo
466 3892 659 3968 conciliaret,
678 3905 766 3972 atque
782 3893 858 3954 adeo
871 3893 1012 3954 eamdem
1031 3889 1154 3954 Senecae
1172 3909 1301 3974 operam
1312 3913 1392 3974 prse-

316 4012 428 4075 staret,
459 4019 552 4079 qnam
579 3995 726 4059 Morellio
755 3999 912 4080 adjuvante
941 3997 983 4059 ibi
1013 3995 1217 4082 Blessingium
1248 3995 1393 4080 Appiano

315 4098 487 4182 praestitisse
517 4099 619 4162 laudat
642 4095 900 4181 schweighauser
929 4097 960 4158 in
986 4097 1101 4180 praelat
1130 4099 1168 4160 ad
1192 4095 1391 4180 Appianum,

315 4206 482 4287 praesertim
501 4227 594 4288 quum
608 4205 712 4289 paucis
730 4218 846 4268 tantum
862 4204 942 4268 loliis
962 4219 1100 4269 constare
1115 4205 1209 4288 possit
1222 4203 1274 4266 ille
1297 4205 1394 4266 codex
