2966 4948
305 437 370 502 308
643 434 711 500 DE
732 433 1036 502 BENEFICIIS

304 563 470 626 excidisset.
481 559 592 639 (Tacit.
605 559 716 623 Annal.
731 561 830 637 xtt’,
847 562 912 640 56.)
923 561 1065 646 Namque
1079 585 1228 646 nusquam
1239 563 1369 628 Neronis

304 695 365 735 nott
388 673 487 736 solum
504 687 647 753 tauquam
669 675 706 736 de
726 672 899 734 homiuibus
918 673 995 736 bene
1008 673 1110 736 meriti
1122 675 1310 736 mentionem
1321 674 1370 736 l'e-
1462 681 1463 712 l

305 781 365 857 cit,
382 780 435 842 ubi
448 793 552 840 tamen
569 779 687 840 occasio
703 782 829 843 suadere
843 793 981 862 poterat,
1001 783 1054 841 sed
1072 781 1187 844 occulte
1208 783 1286 842 adeo
1303 801 1370 842 eum

305 907 337 954 ut
351 893 501 974 Ingratum
514 903 637 972 tangere
651 891 767 952 videtur
782 889 871 968 (III,
888 891 926 966 3,
943 890 963 952 3
976 903 1039 952 not.
1048 893 1080 968 ),
1096 893 1177 972 quod
1191 889 1370 952 hauddubie
1463 948 1464 958 ,

304 1021 366 1062 nou
380 1011 450 1082 post
471 997 540 1059 illos
558 1009 756 1072 ostensos,
780 997 888 1078 quibus
907 999 1003 1080 gratia
1024 1011 1054 1059 et
1075 997 1209 1081 ροιειιιίι
1236 995 1370 1058 lloruisse

305 1121 438 1184 constat,
457 1105 523 1167 fieri
541 1105 692 1186 nequibat.
708 1103 766 1166 llIo
781 1119 882 1168 tamen
901 1107 1022 1170 biennio
1040 1109 1107 1169 vitae
1120 1108 1226 1168 ultimo
1240 1108 1371 1168 instituta

304 1219 416 1303 prioris
429 1217 568 1299 potentiae
581 1229 782 1278 commutasse
795 1213 943 1278 Senecam
957 1217 1048 1278 tradit
1062 1215 1188 1280 Tacitus
1197 1216 1218 1277 l.
1236 1215 1280 1292 l.,
1299 1235 1372 1298 pro-
1464 1254 1465 1272 ι

305 1329 437 1392 hibuisse
453 1341 546 1390 coetrts
562 1325 774 1402 salutantium,
789 1326 897 1388 vitasse
912 1327 1107 1400 comitantes,
1125 1347 1230 1388 rarum
1246 1347 1303 1408 per
1320 1347 1373 1385 ur-

306 1447 394 1520 bem,
412 1443 498 1524 qnasi
517 1441 687 1502 valetudiue
702 1441 817 1502 infensa
834 1455 884 1502 aut
899 1441 1051 1525 sapientire
1070 1443 1174 1504 studiis
1187 1442 1372 1502 attineretur.

306 1554 377 1636 Quo
391 1553 513 1634 quidem
527 1551 589 1612 otio
607 1573 695 1612 usum
709 1553 878 1634 putaverim
896 1555 1075 1614 admodum
1094 1549 1253 1615 Ciceronis
1274 1565 1305 1612 et
1328 1551 1373 1610 ri-

306 1685 412 1725 rorum
427 1675 535 1724 nostrae
549 1662 703 1723 memoriae
717 1663 941 1744 praestantium,
961 1685 989 1724 e.
1011 1686 1038 1726 c.
1053 1661 1202 1739 Necled,
1218 1663 1257 1722 ad
1280 1661 1375 1722 libros

305 1773 481 1834 utilissimos
495 1773 728 1852 componendos.
749 1771 817 1834 Nec
840 1773 980 1853 cuiqnam
1000 1772 1052 1833 alii
1073 1771 1118 1832 rei
1139 1771 1198 1833 hoc
1218 1771 1314 1833 otium
1328 1771 1377 1831 itt-

307 1885 449 1946 sumsisse
467 1903 537 1944 ettm
550 1883 701 1958 videmus,
720 1903 811 1963 quam
826 1883 880 1942 toti
896 1881 1096 1965 philosophias
1108 1883 1325 1966 pertractando
1347 1895 1377 1942 et
1466 1863 1467 1930 l

308 1990 491 2075 expoliende
513 1989 543 2049 in
564 2011 651 2050 usum
671 2001 701 2050 et
722 1990 767 2048 sui
788 2002 819 2049 et
841 1988 932 2048 Intnri
953 1989 1016 2049 aeri.
1033 1987 1176 2071 Inprimis
1190 2001 1292 2048 autern
1312 1988 1377 2069 ipse

307 2113 459 2160 memorat
473 2095 569 2181 Epist.
583 2096 684 2174 VIII,
709 2121 745 2174 2,
772 2119 804 2158 se
824 2117 886 2158 non
913 2111 1029 2158 tanturn
1051 2097 1091 2158 sb
1111 2095 1302 2170 hominibus,
1324 2095 1375 2155 sed

309 2207 400 2270 etiam
427 2227 445 2267 a
469 2207 580 2280 rebus,
607 2219 637 2267 et
654 2207 787 2288 primum
808 2227 827 2267 a
846 2208 906 2268 suis
925 2209 1107 2276 secessisse,
1130 2221 1164 2267 ut
1183 2219 1374 2288 posterorum

310 2316 463 2398 negotium
486 2329 606 2398 ageret,
626 2315 743 2396 illisque
763 2315 863 2396 aliqua
884 2337 948 2397 quse
968 2317 1084 2398 possint
1104 2316 1268 2397 prodesse,
1299 2333 1375 2374 con-

308 2423 470 2486 scriberet:
480 2447 544 2505 qne
558 2424 649 2486 verba
664 2425 744 2486 ltaud
758 2423 848 2485 dubie
862 2428 913 2502 (nt
926 2423 969 2484 ibi
981 2423 1204 2500 monebimus),
1217 2424 1257 2482 ad
1270 2419 1374 2484 Mora-

307 2531 381 2592 lium
393 2530 488 2593 libros
501 2551 580 2592 nuuc
593 2532 764 2614 deperditos
783 2544 987 2614 respexerunt
1000 2529 1024 2588 J
1026 2551 1076 2590 am
1095 2548 1169 2589 vero
1184 2547 1278 2610 quum
1291 2528 1324 2586 in
1338 2526 1374 2586 iis
1468 2509 1469 2520 i

307 2639 522 2722 componendis
533 2651 750 2720 occuparetur,
765 2637 866 2699 locum
879 2639 917 2698 de
932 2635 1110 2710 Beneficiis,
1127 2655 1218 2715 quem
1231 2633 1373 2708 uberius,

307 2769 397 2828 quam
411 2749 441 2808 iu
458 2748 511 2808 illo
527 2767 620 2829 opere
636 2747 738 2808 forsan
752 2746 852 2808 lacere
866 2747 1047 2829 placuisset,
1066 2743 1208 2828 singulari
1222 2743 1376 2806 volumine

307 2869 522 2938 pertractaret,
547 2868 707 2935 antequam
725 2851 879 2936 Epistulas
901 2855 1137 2937 composuisset,
1158 2853 1301 2936 sclegIsse
1327 2853 1376 2915 vi-

308 2965 373 3026 deri
389 2965 487 3025 debet.

348 3071 484 3133 Primum
498 3091 616 3153 quoque
635 3085 771 3134 nostrum
789 3074 902 3147 luisse,
924 3075 975 3154 qui
994 3073 1064 3136 hale
1075 3073 1144 3134 loco
1159 3073 1196 3132 de
1211 3069 1374 3132 Beneficiis

305 3182 456 3264 singulare
472 3181 614 3242 volumen
636 3183 814 3258 destinaret,
833 3205 902 3244 curn
925 3205 942 3244 e
963 3182 1033 3244 libri
1054 3183 1145 3243 totins
1162 3195 1289 3254 tenore,
1309 3195 1374 3244 tum

304 3303 334 3351 et
347 3291 415 3351 iude
435 3303 561 3372 apparet
581 3293 660 3371 quod
676 3291 829 3352 nemiuem
850 3293 960 3352 scimus
981 3311 1016 3351 ex
1038 3291 1100 3351 ulla
1119 3291 1373 3374 philosophorum

303 3405 395 3463 domo
416 3401 473 3462 sibi
499 3402 641 3484 singulari
659 3402 737 3462 hanc
756 3403 917 3463 materiam
942 3423 1035 3483 opere
1057 3405 1278 3482 exsequendam
1293 3411 1373 3464 s'um·

303 3512 384 3572 sisse.
399 3509 482 3572 Nam
496 3533 559 3592 qnae
575 3509 737 3596 Chrysippi
758 3525 788 3572 et
807 3507 972 3572 Hecatonis
993 3509 1144 3572 volumina
1163 3511 1226 3594 ipse
1246 3513 1369 3590 laudat,

303 3635 338 3674 ea
361 3635 434 3675 vero
458 3616 617 3696 quominus
647 3617 687 3675 ita
713 3616 940 3698 interpreteris,
963 3631 995 3678 nt
1016 3617 1130 3700 etipse
1157 3620 1194 3679 de
1216 3617 1372 3682 beneficiis

301 3723 494 3805 scripserint,
511 3711 676 3807 impediunt
690 3745 758 3787 cum
779 3738 915 3788 veterum
929 3725 1100 3803 silentium,
1117 3739 1180 3787 tum
1197 3726 1371 3788 observatio

301 3835 373 3896 satis
386 3835 564 3910 manifesta,
581 3835 645 3897 hsce
657 3835 758 3896 omnia
779 3857 843 3917 quae
856 3850 959 3900 noster
973 3838 1074 3900 laudat
1089 3883 1097 3916 ,
1114 3859 1131 3900 e
1151 3835 1316 3924 Chrysippi
1343 3857 1372 3901 et

303 3939 467 4004 Hecatonis
483 3945 520 4004 de
531 3941 649 4005 Officiis
661 3943 884 4020 voluminibus,
901 3944 953 4005 nbi
968 3945 1055 4026 hujus
1071 3945 1131 4008 loci
1144 3947 1269 4028 propria
1285 3949 1372 4009 sedes

302 4063 347 4111 est
358 4096 366 4126 ,
378 4052 502 4132 aliisque
512 4072 620 4114 eornm
633 4053 775 4134 operibus
790 4054 873 4134 notis¹
884 4055 975 4136 petita
990 4077 1065 4117 csse.
1080 4055 1146 4118 Nec
1158 4053 1372 4117 Romanorum

301 4161 458 4240 quisquam
475 4176 680 4238 memoratur,
704 4163 754 4242 qui
771 4157 828 4224 hac
847 4163 884 4224 de
907 4184 940 4224 re
961 4178 1027 4246 post
1048 4162 1254 4240 Ciceronem,
1280 4185 1373 4247 quern
