2966 4948
510 368 770 439 cirurxr.
1109 381 1175 470 ²⁸9

105 503 146 568 in
167 515 224 568 tua
240 502 265 566 ¹.
293 501 330 568 Si
348 499 415 568 hic'
431 499 522 567 luter
539 523 600 566 nos
621 497 755 568 futurus
778 515 853 584 est,
878 501 935 570 die
952 501 1061 585 mihi,
1087 505 1174 594 Dive

107 611 364 705 Claudi,quare
378 635 630 704 quemquumex
641 610 708 696 his,
725 637 822 706 quos,
840 639 990 708 quaeque
1005 616 1170 702 occidisti,

107 740 293 817 antequam
307 725 459 794 derauso
470 747 705 819 cognosceres,
725 741 906 820 antequam
915 727 1069 813 audires,
1084 727 1175 799 dam-

109 844 200 910 nasti
214 845 229 911 P
241 838 307 911 hoe
318 842 395 911 fieri
409 841 518 912 solet?
531 843 568 910 in
581 842 663 910 eaelo
674 867 743 911 non
759 843 808 910 lit.

160 957 226 1024 xl.
246 957 333 1024 Fece
351 955 506 1048 Jupiter,
526 957 587 1050 qui
601 969 650 1022 tot
671 978 777 1034 annos
795 973 927 1048 regnat,
947 960 1006 1026 uni
1023 960 1174 1030 Vulcano

109 1094 191 1138 erus
208 1069 310 1163 fregit
316 1119 327 1153 ,
347 1091 449 1162 quem

242 1169 303 1251 ᾗίψε
316 1181 391 1242 «odie
399 1178 497 1245 τιταγδν
507 1180 556 1234 eet
567 1180 643 1247 βηλοῦ
655 1181 793 1234 θεσπεσίοιο
804 1219 812 1248 ,

112 1294 148 1346 et
167 1280 274 1348 iratus
290 1277 355 1345 luit
373 1277 490 1361 uxori,
510 1292 545 1344 et
557 1273 734 1368 suspendit
746 1276 885 1345 illam²z
905 1279 1071 1372 numquid
1085 1283 1176 1350 occi-

114 1395 191 1463 dit?
204 1396 260 1464 Tu
273 1393 491 1462 Messalinam
500 1387 637 1483 ³,eujus
645 1414 741 1482 aeque
754 1392 940 1487 avunculus
950 1395 1057 1488 major
1068 1419 1174 1480 eram,

113 1535 218 1602 quam
232 1526 332 1593 tuus,
354 1507 520 1580 occidisti.
541 1507 663 1576 Nescio
674 1501 708 1590 ⁴,
732 1508 874 1599 inquis?
888 1509 946 1576 Dii
964 1509 1027 1577 tibi
1041 1509 1179 1579 malein-

113 1625 232 1692 ciant:
251 1622 337 1692 adeo
355 1620 446 1690 istud
466 1620 599 1713 turpius
616 1635 688 1702 eet,
709 1619 800 1711 quod
817 1622 946 1704 neseis,
971 1646 1073 1713 quam
1086 1622 1180 1715 quod

112 1736 282 1807 occidisti.
297 1739 365 1830 Iste
378 1737 418 1804 C.
435 1735 599 1804 Caesarem
607 1734 964 1804 nondesiitmortuum
975 1729 988 1772 ⁵
998 1741 1174 1831 persequi.
1204 1756 1219 1788 ²

113 1853 299 1942 Occiderat
314 1853 372 1922 ille
389 1843 584 1920 sooerum⁶e
602 1850 660 1918 hic
681 1865 715 1918 et
731 1875 895 1944 generum
906 1856 931 1920 ⁷.
955 1854 1057 1922 Cuius
1070 1856 1181 1924 Caesar

114 1970 233 2040 Crassi
256 1969 364 2038 filium
394 1967 502 2037 vetuit
528 1969 691 2062 Magnum
711 1959 875 2036 vocari⁸2
902 1969 962 2037 hie
983 1993 1107 2038 nomen
1129 1964 1181 2040 illi

114 2085 293 2168 reddidit,
323 2099 425 2179 eaput
448 2081 564 2152 tulitt.
593 2080 728 2151 Occidit
752 2085 790 2151 in
804 2108 873 2152 una
897 2082 998 2154 domo
1023 2088 1181 2156 Crassum

153 2295 174 2329 r.
185 2276 265 2329 Asta
273 2290 353 2328 muse
361 2273 447 2336 melo,
458 2279 525 2324 certe
530 2270 557 2322 in
564 2275 620 2323 luo.
670 2269 785 2328 Octavia,
793 2287 865 2323 soror
871 2271 987 2342 Augusti,
995 2285 1075 2325 muter
1080 2273 1183 2326 sumn.

114 2355 203 2410 Editio
215 2373 280 2408 rom.
292 2352 328 2406 sie
341 2351 426 2412 dedit,
439 2365 516 2420 quem
526 2359 554 2401 ut
563 2347 622 2400 ein-
669 2349 746 2400 touite
758 2347 878 2413 minoris,
891 2349 1074 2419 qnoeexDrnso
1085 2351 1183 2406 Tiberii

114 2453 199 2489 esrem
209 2434 345 2487 lectionem
356 2451 414 2485 eum
428 2427 561 2482 Gronovio
571 2428 622 2479 de·
670 2425 861 2498 imperetl'ratre
873 2425 969 2499 peperit
977 2425 1123 2482 Claudium.
1132 2431 1184 2484 Oe-

114 2512 203 2566 sendo.
224 2509 360 2582 Sequentia
375 2506 492 2561 emendat
507 2504 621 2558 Gronov.
669 2501 738 2555 teris
748 2502 833 2574 itaque
852 2501 905 2573 ejus
922 2503 979 2555 eris
997 2504 1045 2558 luit
1055 2518 1183 2572 materna,

114 2597 143 2646 Is
152 2593 279 2647 liic....esl.
290 2588 455 2643 Dielluetus
464 2581 560 2658 probat.
570 2582 621 2638 Sed
671 2591 695 2632 et
721 2581 849 2652 Augustus
868 2579 1008 2632 avunculus
1031 2581 1120 2652 major.
1144 2581 1184 2634 Gi.

114 2669 292 2724 emendatione
303 2685 357 2720 nen
368 2665 467 2736 indiget
477 2662 547 2715 locus
555 2680 623 2726 ,mo·
672 2655 786 2709 Stemma
798 2657 910 2712 Octavia
926 2669 950 2710 et
958 2658 1067 2732 Augusti
1076 2658 1184 2712 editioni

115 2750 150 2803 do
162 2748 256 2802 scribes
268 2763 276 2799 t
288 2744 322 2798 Si
332 2745 374 2798 hie
384 2747 452 2796 inter
461 2758 508 2792 ms
515 2738 622 2810 futurus
671 2733 788 2786 Suetonii
801 2734 944 2788 &nostine
957 2732 1112 2805 adjunctum.

115 2837 169 2894 est,
180 2827 237 2886 dre,
250 2836 296 2877 ete.
308 2841 376 2887 non,
389 2830 500 2872 utentes
511 2815 562 2871 :Si
562 2850 620 2867 .......
702 2811 726 2876 4.
734 2811 834 2864 Nescio
842 2811 887 2863 Sic
897 2811 965 2862 enim
977 2811 1122 2866 Messalina
1134 2829 1184 2866 cu·

114 2903 292 2968 est.1)r'c.,etc.
312 2924 314 2930 ’
671 2887 714 2941 dee
732 2907 746 2942 e
758 2887 875 2940 Narcisso
890 2886 992 2940 Claudii
1006 2887 1116 2953 liberto,
1131 2888 1184 2942 do-

149 2982 197 3034 xl.
222 2982 293 3033 Alte.
313 2975 484 3031 continuatio.
502 2971 624 3027 Claudius
672 2967 742 3018 mino
752 2961 989 3038 neseio,perpe'trste
1002 2978 1045 3017 eet.
1056 2965 1096 3019 Cf.
1103 2966 1184 3020 Tacit.

120 3061 263 3111 damnatur.
672 3043 768 3098 Annei.
778 3044 817 3094 xl
826 3079 835 3107 ,
845 3063 859 3094 2
872 3041 917 3095 lin.
930 3043 999 3098 Suet.
1011 3043 1101 3096 Claud.
1110 3045 1150 3117 39.

153 3157 178 3188 2.
189 3135 255 3189 Ecce
261 3131 407 3202 lepresus.
416 3131 500 3184 illam.
513 3129 563 3181 iles
574 3145 625 3179 no·
706 3125 729 3174 5.
742 3122 839 3174 Iste...
850 3128 976 3189 persequi.
987 3123 1006 3173 l.
1012 3141 1034 3174 e.
1040 3122 1183 3195 Caligulam

118 3215 219 3268 tissima
230 3211 371 3266 uflomer.
382 3202 626 3277 Iliad-e,591,ulii
673 3198 775 3252 imitari.
790 3197 819 3250 Si
835 3209 920 3251 tamen
936 3199 1017 3253 Dion.
1037 3199 1182 3266 casalli,
1267 3207 1270 3212 '

119 3293 199 3345 mem
216 3290 259 3343 hie
278 3307 364 3342 venne
380 3283 496 3340 oeeurrit.
507 3281 626 3352 Deiecit,
674 3277 700 3342 4,
713 3273 816 3338 andiu,
831 3274 963 3326 odiosum
976 3287 1118 3348 persecutus
1130 3286 1173 3328 est.

120 3383 158 3424 est
170 3387 271 3430 ansus,
291 3366 355 3442 pede
368 3361 576 3436 comprehensum
595 3356 627 3409 de
707 3352 732 3403 6.
747 3350 882 3405 occiderat
894 3354 939 3404 ille
952 3365 1074 3406 svamm.
1086 3353 1125 3406 M.
1136 3353 1184 3405 Si-

120 3447 214 3502 limine
224 3444 327 3511 divino,
337 3443 354 3495 i.
365 3462 386 3494 e.
398 3441 519 3513 Olympo.
529 3436 627 3488 Odium
675 3429 772 3494 lenum,
785 3428 855 3499 eujus
863 3427 943 3480 liliam
953 3429 1058 3484 tunium
1071 3429 1184 3482 Claudil-

119 3526 233 3582 Jnnonis
242 3525 269 3578 in
281 3521 417 3576 llereulem
430 3525 559 3584 tantopere
569 3513 631 3566 irri-
675 3508 727 3560 lam
740 3507 843 3559 duxerat
855 3505 939 3558 Caius.
947 3507 1016 3560 Suet.
1024 3507 1106 3582 Calig.
1118 3528 1157 3560 απ.

120 3603 332 3667 tevmtlovern,
344 3610 373 3652 ut
383 3599 410 3650 in
421 3607 527 3648 matrem
537 3591 630 3645 fllium·
711 3605 733 3657 7.
758 3583 892 3636 Generum.
913 3585 942 3636 1.
965 3585 1098 3649 Silenum,
1122 3580 1183 3637 filie

121 3703 189 3756 que,
201 3681 330 3735 lunonem
342 3674 528 3734 etVulcannm,
540 3667 630 3723 aeriter
678 3662 792 3717 oetavis
803 3679 930 3735 sponsum.

122 3759 351 3820 animedverteret',
362 3765 409 3809 etc.
711 3744 734 3794 8.
748 3743 864 3794 Caius...
872 3743 966 3794 euceri.
978 3719 1049 3792 Suet.¹
1057 3738 1137 3812 Celig.
1145 3737 1189 3794 35.

158 3840 181 3894 3.
194 3838 237 3891 Tu
245 3836 418 3891 Messalinam
428 3871 436 3898 ,
447 3845 492 3885 etc.
505 3831 572 3884 Nem
580 3830 632 3881 An·
678 3818 731 3872 Dio
743 3818 810 3872 Osee.
817 3817 878 3879 LX,
888 3820 912 3870 5.

124 3917 194 3992 gusti
210 3935 281 3968 soror
295 3913 399 3967 Octavia
413 3911 501 3964 Marco
520 3905 631 3961 Antonio
713 3917 736 3969 9.
745 3899 833 3965 Capu:
842 3899 909 3949 tutte.
924 3895 1056 3948 lebetulit.
1067 3891 1187 3945 llioCes-

123 3996 223 4070 peperit
236 3991 373 4046 Antoniam
383 3989 507 4062 majorem
518 4027 526 4053 ,
545 4000 569 4039 οι
581 3985 636 4038 haee
681 3977 732 4029 sins
743 3977 800 4029 loeo
810 3994 880 4028 nune
894 3972 1023 4048 deperdito
1034 3970 1101 4024 hene
1113 3990 1187 4023 mer-

125 4072 246 4127 Domitio
262 4067 411 4122 AEnoberlso
428 4063 570 4118 Domitiam
583 4063 636 4113 Le-
682 4069 732 4108 tem
742 4066 935 4116 memoraverat,
947 4048 1188 4125 testsZoneraepud

125 4149 236 4223 pidem,
255 4159 361 4200 matrem
373 4142 524 4200 Messalina.
540 4141 638 4194 Eodem
682 4133 793 4187 Reimar.
805 4133 835 4186 ad
849 4133 929 4185 Dion.
940 4131 994 4194 LX,
1009 4129 1049 4181 3ι.

299 4243 344 4310 ΙΙ.
986 4279 991 4286 .
1027 4245 1069 4316 19
