2990 4942
313 409 375 481 128
462 405 529 474 ΔΙ)
553 405 803 474 matteum
828 403 1194 474 CONSOLATIO.

312 565 329 600 ιι
353 539 387 604 in
408 537 573 618 minimis,
592 559 636 604 ne
656 532 741 627 quid
760 535 910 614 laceres,
930 536 985 602 cui
1006 533 1143 616 lamam,
1160 530 1369 602 liberrimam

311 681 329 716 ιι
350 654 541 746 principum
555 650 708 744 judicem
724 662 754 730 ¹,
770 650 876 719 velles
889 652 1077 745 ignoscere.
1098 654 1168 718 Nec
1181 649 1369 744 quidquam

315 795 330 830 ι
352 767 527 862 pulchrius
538 767 691 835 existimo
709 768 745 835 in
761 767 894 860 fastigio
914 765 1105 848 collocatis,
1127 791 1226 858 quam
1244 765 1370 833 multa-

314 911 330 946 ιι
353 907 428 951 rum
457 907 572 950 rerum
595 883 727 950 veniam
751 880 854 963 dare,
875 880 1001 949 nullius
1024 898 1152 974 petere.
1177 877 1372 950 Servandus

315 1026 331 1060 ιι
354 1000 467 1090 itaque
482 997 543 1066 tibi
561 1000 595 1066 in
610 999 675 1066 bac
693 1021 731 1065 re
745 1014 822 1065 tuus
835 1021 905 1065 mos
917 1012 989 1082 est,
1009 1021 1053 1065 ne
1067 995 1151 1089 quid
1162 995 1369 1074 committas,

315 1143 331 1178 ι
353 1112 444 1206 quod
461 1115 572 1182 minus
588 1112 728 1182 aliterve
747 1113 896 1180 lactum²
914 1114 1008 1182 velis.
1026 1141 1042 1176 ιι

362 1229 403 1298 V.
435 1257 451 1292 s
483 1225 644 1298 Deindc³
662 1253 721 1298 oro
748 1245 850 1321 atque
877 1229 1038 1312 obsecro,
1067 1252 1110 1296 ne
1140 1245 1173 1296 te
1196 1227 1374 1297 difficilem

315 1373 331 1409 ιι
353 1345 470 1413 amicis
487 1360 522 1413 et
541 1345 788 1414 immotabilem
807 1361 958 1438 prestes.
993 1347 1069 1412 Non
1091 1360 1143 1412 est
1168 1347 1259 1412 enim
1281 1343 1377 1437 quod

316 1489 332 1525 ιι
356 1461 511 1552 ignores,
526 1484 642 1530 omnes
658 1461 720 1529 hos
734 1462 866 1528 nescire
882 1457 1163 1552 quemadmodum
1176 1483 1212 1527 sc
1227 1475 1350 1554 gerant
1369 1487 1376 1526 :
1403 1449 1410 1468 ⁸

316 1605 332 1640 ιι
352 1576 536 1668 loquantur
561 1573 691 1667 aliquid
714 1599 825 1644 corant
845 1591 878 1644 te
901 1574 944 1644 de
966 1577 1099 1657 Druso,
1121 1598 1167 1642 an
1193 1576 1307 1657 nihil,
1332 1599 1378 1644 ne

315 1719 332 1754 ιι
353 1706 412 1759 aut
429 1690 553 1758 oblivio
571 1690 747 1759 clarissimi
761 1690 901 1784 juvenis
920 1691 969 1758 illi
996 1691 1096 1760 faciat
1114 1691 1297 1783 injuriam,
1318 1708 1381 1760 aut

316 1834 333 1872 ιι
355 1807 482 1877 mentio
499 1807 574 1875 tibi.
595 1806 711 1900 Quum
734 1808 952 1890 secessimus,
980 1823 1015 1876 et
1037 1809 1073 1876 in
1093 1833 1196 1876 unum
1215 1810 1380 1877 conveni-

318 1949 334 1985 ιι
357 1944 449 2002 mus,
473 1919 559 1988 lacta
578 1919 652 2012 ejus
668 1919 847 2012 dictaque,
869 1936 995 2014 quanto
1018 1922 1143 1990 meruit
1165 1915 1379 2016 ‘suspectu‚

319 2065 334 2100 ιι
357 2034 566 2106 celebramus
588 2058 596 2098 :
619 2059 732 2103 coram
754 2051 787 2104 te
806 2035 913 2104 altum
932 2036 1030 2104 nobis
1055 2035 1098 2103 de
1124 2036 1182 2104 illo
1207 2035 1382 2106 silentium

320 2181 334 2214 ι
357 2168 421 2219 est.
439 2152 543 2220 Ceres
562 2151 677 2242 itaque
693 2152 835 2219 maxima
853 2150 1045 2245 voluptate,
1063 2153 1125 2220 filii
1140 2153 1189 2221 tui
1206 2151 1380 2232 laudibus,

317 2295 333 2332 ιι
357 2291 441 2359 quas
458 2291 526 2336 non
545 2264 664 2335 dubito
684 2269 769 2360 quin
792 2267 848 2335 vel
870 2267 1159 2362 impendiorum,
1180 2271 1208 2337 si
1227 2285 1376 2362 potestas

319 2411 334 2448 ιι
357 2383 478 2464 detur,
500 2384 532 2450 in
548 2407 654 2452 terum
669 2406 768 2451 omne
781 2383 826 2450 sis
843 2401 1078 2478 prorogatum.
1102 2385 1219 2478 Quare
1233 2401 1374 2479 patere,

318 2477 334 2564 ιι
356 2500 457 2568 immo
469 2523 601 2566 arcesse
614 2522 806 2581 sermones,
822 2497 947 2590 quibus
961 2497 1019 2567 ille
1037 2515 1209 2580 narretur,
1226 2515 1261 2567 et
1273 2525 1378 2595 aper-

317 2645 333 2682 ι
356 2632 405 2685 tas
421 2639 521 2684 aures
533 2615 648 2708 praebe
660 2612 704 2682 ad
718 2637 841 2682 nomen
857 2615 1118 2705 memoriamque
1137 2614 1199 2682 lilii
1220 2617 1293 2684 tui:
1314 2642 1381 2686 nec

317 2759 334 2796 ι
356 2734 421 2802 hoc
437 2755 540 2826 grave
558 2729 716 2814 duxeris,
736 2745 925 2797 ceterorum
944 2751 1059 2812 more,
1079 2731 1192 2822 quiin
1210 2731 1379 2824 ejusmodi

318 2873 335 2912 ιι
355 2847 488 2915 casibus
504 2861 633 2938 partem
652 2844 730 2913 mali
750 2859 891 2938 putant,
911 2845 1030 2913 audire
1056 2845 1186 2914 solatia.
1211 2850 1311 2918 Nunc
1325 2851 1380 2917 in·

221 3043 225 3060 ¹
319 2989 335 3024 ιι
355 2960 502 3030 cubuisti
519 2976 587 3028 tota
604 2962 639 3027 in
652 2961 792 3028 alteram
805 2977 935 3052 partem
951 2954 987 3046 ⁵3
1006 2976 1040 3028 et
1057 2960 1161 3029 oblita
1176 2962 1375 3044 meliorum,

314 3201 483 3268 teblareelli,
497 3201 529 3255 de
544 3201 633 3255 morbo
647 3202 757 3273 Augusti
775 3214 821 3254 etc.
873 3201 1001 3275 pauciores
1032 3202 1150 3256 sttudius
1179 3205 1240 3257 olim
1273 3206 1380 3281 optabis.

351 3281 498 3344 cromam,
508 3279 670 3332 liberrimam
677 3282 824 3347 primiparis
906 3281 1008 3335 [Ane-
1015 3283 1078 3336 Orat
1089 3321 1096 3348 ,
1106 3297 1133 3336 ut
1142 3285 1280 3338 amicornm
1289 3285 1380 3340 solatia

308 3359 435 3428 judicem.
451 3357 576 3420 Famam,
587 3357 719 3426 dupinioo.
728 3356 822 3420 Ovid,
873 3358 983 3432 benigne
993 3361 1105 3436 accipiet.

317 3435 483 3509 Metamorpb.
500 3433 545 3487 lib.
556 3435 603 3486 XV
612 3475 620 3500 ‚
629 3453 665 3486 vs.
679 3433 744 3485 853·
758 3455 772 3481 ι
783 3433 824 3486 Li·
905 3435 928 3487 3,
938 3436 1048 3492 Deinde.
1059 3441 1127 3494 llara
1142 3461 1190 3494 ror
1197 3441 1287 3494 eodem
1302 3463 1379 3496 sensu

314 3516 375 3568 bers
384 3517 452 3568 lema
463 3526 546 3566 tamen
556 3549 563 3568 .
575 3511 703 3583 nullisque
714 3511 823 3564 obnoxie
870 3535 921 3586 quo
930 3521 1049 3586 proinde.

316 3594 397 3668 jussis.
412 3615 424 3638 ιι
436 3592 539 3644 Nostrae
550 3591 586 3642 Μ.
598 3591 621 3644 J.
636 3590 758 3642 Cbe'nr'er:
904 3596 928 3660 4.
949 3593 1082 3666 Suspecta.
1102 3599 1136 3651 ll.
1151 3620 1172 3652 e.
1192 3602 1380 3655 admiratione.

316 3693 767 3748 cepusttsfflrnusnsastrisnsstsuppst,
871 3671 1151 3746 Sepennmerojsmin
1164 3679 1380 3733 Seuecndverti-

315 3757 493 3796 Psrdenoavssn
502 3754 563 3794 enses
569 3754 824 3806 permeante-vastes,
872 3769 927 3804 mue
940 3757 1067 3822 :respicere
1078 3775 1123 3827 pto
1135 3755 1263 3810 demirari.

315 3815 798 3866 Etl'ssrousjuflere,musquijusealuentres.
904 3831 927 3881 5Ι
938 3829 1090 3884 [neuma
1099 3834 1126 3884 ἡ.
1144 3837 1257 3886 almam
1269 3846 1380 3902 pamm

350 3920 372 3952 a.
386 3897 476 3951 mnus
488 3899 592 3952 atium
599 3898 714 3971 sulum.
733 3899 767 3951 n.
782 3921 822 3966 e.,
873 3906 1010 3960 GallicTu
1021 3911 1069 3961 t'es
1078 3909 1143 3975 jele‘e
1153 3911 1218 3962 d’un
1231 3913 1292 3964 τόθ’.
1305 3912 1381 3965 Stan-

315 3991 422 4032 eutnon
436 3977 543 4031 omuino
559 3977 670 4044 factum,
683 3981 822 4032 autminus
872 3984 936 4038 dum
955 3998 1007 4038 erat
1020 3985 1048 4037 in
1060 3987 1162 4053 medio,
1187 3989 1301 4062 sapiente
1319 3989 1382 4044 leti·

315 4057 379 4124 diu,
395 4058 478 4111 minus
491 4057 569 4110 ell'ms
585 4058 696 4118 lectum
711 4071 738 4110 ut
751 4059 824 4111 larri-
871 4060 1007 4114 tiaminter
1016 4073 1040 4116 et
1051 4062 1380 4139 doloremtemperamento,

316 4151 370 4185 mas
392 4153 454 4206 quas
481 4146 524 4186 aut
545 4145 606 4185 nou
633 4133 751 4186 ellitdiase
780 4149 822 4188 aut
871 4138 1063 4192 tuiudolorem
1078 4142 1215 4195 totaablate
1225 4155 1249 4195 et
1260 4145 1381 4196 el'lnsaee
