2966 4948
513 393 689 464 CAPUT
717 395 798 464 IX.
1118 404 1183 467 285

108 541 164 594 tra
182 526 256 607 hoc,
263 523 326 594 SC.
344 523 568 606 mustacius,
588 526 724 607 licum¹,
746 526 898 618 pictusve
913 542 992 607 erit,
1013 549 1090 594 eum
1105 525 1184 595 dedi

108 641 215 708 larvis
230 643 263 724 ²,
286 656 320 707 et
338 639 491 732 proximo
505 663 646 740 munere
666 641 757 708 inter
778 663 882 709 novos
903 657 1113 724 auctoratos,
1137 644 1185 713 fe-

108 759 198 826 rulis
215 756 378 849 vapulare
401 755 523 849 placet.
542 757 715 824 Proximus
735 757 966 851 interrogatur
983 761 1185 828 sententiam

46 873 50 880 ’
108 875 287 968 Diespiter
294 875 389 952 'Vicae
403 863 516 941 Potae³
531 872 635 954 lilius,
652 887 686 940 et
699 874 771 966 ipse
785 874 981 968 designatus
994 879 1071 944 Cos.
1086 903 1184 946 num-

109 993 325 1060 mulariolus.
350 992 416 1060 Hic
434 1005 565 1081 quaestu
591 1015 626 1058 se
654 990 863 1073 sustinebat,
888 991 1038 1062 rendere
1062 978 1198 1064 civita-¹

107 1107 199 1176 tulas
217 1106 359 1176 solebat.
376 1106 430 1174 Ad
443 1093 574 1174 huncce
594 1101 706 1174 belle⁴
721 1108 861 1174 accessit
879 1109 1056 1192 Hercules,
1070 1126 1104 1177 et
1118 1136 1181 1180 au-

105 1226 254 1293 riculam
269 1227 301 1292 ei
327 1218 474 1316 tetigit⁵.
495 1227 613 1315 Itaque
634 1225 670 1290 iu
690 1224 763 1303 hmo
780 1225 884 1294 verba
903 1243 1018 1294 censet
1039 1228 1180 1320 :Quum
1206 1257 1224 1322 4

105 1343 219 1410 Divus
240 1331 425 1410 Claudius⁶
445 1341 568 1408 Divum
588 1340 777 1432 Augustum
796 1343 961 1436 sanguine
982 1344 1177 1437 contingat,

105 1482 175 1525 nec
205 1459 318 1526 minus
343 1458 463 1526 Diram
485 1455 671 1548 Augustam
694 1455 803 1522 aviam
826 1478 947 1537 suam,
979 1481 1078 1548 quam
1107 1462 1179 1552 ipse

103 1575 218 1640 Deam
235 1597 308 1641 ease
320 1573 422 1664 jussit
438 1577 474 1653 ⁷,
500 1570 671 1664 longeque
696 1594 812 1638 omnes
834 1571 991 1641 mortales
1013 1574 1179 1665 sapientia

100 1816 249 1884 demunt,
263 1818 306 1870 sad
315 1817 347 1870 ob
358 1817 385 1870 id
396 1817 478 1890 ipsum
491 1814 618 1868 causidico
668 1833 700 1866 ne
719 1813 768 1867 boe
787 1815 929 1870 Victoriam
945 1818 977 1870 ad
996 1819 1080 1872 lorum
1094 1839 1178 1872 roma·

100 1893 250 1968 dignissimi
259 1931 266 1956 ,
274 1895 365 1968 qnippe
373 1914 450 1966 quem
457 1893 618 1967 repetitiones
653 1909 655 1918 ’
668 1913 730 1945 num
742 1892 768 1944 in
778 1895 1178 1968 octaraurbisregionetemplum

101 1985 127 2024 et
140 1972 263 2044 ambages
272 1991 355 2024 amare
367 1981 470 2024 constat.
484 1973 559 2022 llerte
569 1971 619 2024 hoc
668 1972 784 2024 babuisse
805 1985 909 2026 constat.
929 1972 969 2026 Cf.
986 1973 1177 2027 Drakenborch.

102 2050 209 2103 monuit
218 2050 374 2121 Sonntagius
384 2062 470 2102 contm
480 2048 617 2102 Heinsium
667 2050 699 2102 ad
710 2047 764 2100 Liv.
779 2048 812 2113 ll,
828 2071 849 2118 7.
862 2050 987 2102 Derivant
998 2069 1092 2103 nomeu
1102 2052 1178 2104 avin-

101 2142 127 2180 et
152 2127 316 2181 Schellerum
333 2127 377 2199 qui
395 2127 449 2181 baec
461 2127 538 2180 rerba
550 2151 556 2180 :
569 2141 618 2181 aut
667 2127 748 2179 cendo
761 2139 784 2179 et
793 2127 915 2200 potiendo
927 2143 934 2177 ι
944 2127 996 2180 vid.
1007 2129 1080 2180 Voss.
1093 2129 1177 2201 Etym.

100 2225 140 2256 ex
160 2203 370 2274 bis......dpsupc
390 2225 403 2256 e
427 2215 493 2255 textu
515 2204 634 2274 ejecturi*
667 2205 696 2257 in
710 2223 766 2258 voc.

99 2294 185 2334 eraut.
699 2284 723 2348 4.
734 2284 784 2338 Ad
792 2281 883 2335 buum
892 2283 965 2335 delle·
975 2282 1017 2336 sic
1027 2296 1051 2337 et
1062 2284 1102 2338 ed:
1113 2305 1176 2341 rom.

139 2381 161 2412 s.
190 2357 309 2422 Fletus,
335 2357 431 2410 bonurn
459 2369 502 2409 est
535 2357 618 2412 Codd.
667 2358 1176 2433 Atcod.par.a.etBeatiwdhocvelle.

100 2440 182 2512 paris.
195 2463 219 2492 α.
232 2459 255 2490 a.
266 2439 291 2491 b.
304 2438 330 2490 lt.
342 2439 418 2492 dant:
432 2439 523 2492 dictus.
668 2437 734 2492 cod.
757 2437 830 2490 Jnuii
851 2435 936 2489 adduc
962 2441 1035 2491 uelle.
1063 2439 1177 2494 Gronov.

136 2535 161 2568 2.
173 2517 246 2570 Eum
258 2519 319 2572 dedi
330 2519 428 2580 larvis,
440 2528 485 2569 etc.
496 2517 518 2569 1.
528 2535 550 2567 e.
561 2515 616 2568 Fu·
665 2517 726 2568 inde
741 2516 798 2568 lecit
808 2531 814 2564 τ
824 2516 863 2566 ad
870 2513 935 2566 bunc
945 2516 1043 2568 sedulo.
1056 2515 1106 2570 Sed
1117 2517 1177 2570 vul·

100 2597 147 2648 riis
159 2637 166 2656 ,
178 2615 235 2666 quas
248 2616 305 2647 eum
317 2594 431 2667 proximo
443 2593 505 2646 ludo
518 2592 615 2664 gladia·
664 2606 722 2664 gata
734 2611 787 2646 non
799 2593 925 2644 movenda
938 2605 980 2644 est.

99 2673 170 2725 torio
180 2685 301 2742 tanquam
314 2673 345 2725 ad
355 2667 613 2743 digladiandum'mo·
702 2675 724 2724 5.
735 2672 876 2740 Aurdetr'g.
888 2669 1010 2722 llercules
1021 2690 1077 2722 eum
1089 2671 1176 2724 admo·

99 2751 135 2800 do
144 2749 302 2802 conductum
312 2750 420 2820 ideoque
436 2747 561 2802 novitium
576 2747 613 2798 le·
663 2771 671 2800 1
680 2750 731 2810 uit,
740 2749 819 2802 utsibi
829 2748 970 2802 Claudiove
980 2747 1096 2813 adesset,
1110 2763 1174 2804 tacta

99 2828 164 2880 rulis
175 2828 288 2880 ferirent.
298 2828 407 2880 Lanistae
419 2839 503 2878 autem
515 2825 562 2878 boc
575 2828 615 2876 la·
662 2827 781 2880 auricula.
801 2825 900 2880 Laudat
914 2826 1076 2880 Frumendus
1094 2849 1177 2902 appu·

98 2926 157 2959 cere
169 2905 292 2958 solebant.
306 2904 345 2956 Gi.
358 2904 437 2976 Lipsii
447 2902 574 2956 Saturnal.
587 2903 613 2968 l,
662 2905 928 2974 aitebicVirgilianum
938 2905 1018 2958 illud:
1028 2927 1041 2952 e
1051 2905 1175 2978 Cynthius

100 2987 141 3036 15.
153 2982 222 3050 Quis
244 2982 286 3036 ille
296 2982 428 3051 Diespiter
444 2981 492 3046 sit,
511 2981 615 3034 difficile
663 2982 831 3038 auremVellit
843 2996 868 3035 et
878 2982 1035 3036 admonuit.»
1046 2983 1175 3036 Fromon-

99 3073 137 3112 est
158 3061 237 3113 dictu.
259 3060 362 3133 Jupiter·
381 3059 467 3122 enim,
487 3060 530 3129 qui
549 3059 615 3134 apud
665 3063 711 3114 dus
721 3075 754 3122 et,
764 3061 833 3132 quod
842 3061 950 3121 mireris,
960 3061 1059 3114 Huetus
1070 3059 1173 3126 Iouem,

98 3143 194 3194 Horat
208 3141 292 3192 carm.
303 3141 329 3204 Ι,
346 3140 395 3206 34,
409 3141 439 3202 53
454 3140 499 3201 ΙΙΙ,
520 3160 545 3202 a,
566 3157 612 3210 ng,
663 3139 710 3210 qui
722 3138 782 3190 alias
795 3139 924 3211 Diespiter
938 3151 991 3203 est,
1011 3138 1052 3192 bic
1066 3139 1175 3194 (litlin-

98 3218 233 3290 Diespiter
253 3219 343 3282 audit,
364 3217 423 3288 quia
446 3217 560 3270 Varrone
582 3217 613 3269 de
662 3219 1174 3290 terpretantnrzuonreputantes,lovem

98 3300 128 3349 l..
136 3300 168 3348 l..
180 3299 226 3357 tv,
238 3317 277 3361 ιο,
289 3309 437 3370 exponente,
447 3295 508 3348 Diei
518 3307 542 3347 et
550 3294 614 3347 luris
662 3307 776 3346 senatum
789 3293 889 3346 babere.
904 3293 1015 3363 Oblique
1030 3308 1117 3348 auctor
1131 3307 1174 3348 tc-

97 3388 172 3446 pater
183 3387 233 3436 est,
243 3393 296 3427 esse
308 3395 361 3427 non
371 3387 458 3447 potest.
469 3375 522 3427 Nec
533 3374 613 3444 quid-
663 3370 721 3442 tigit
731 3389 828 3422 morem
840 3389 945 3441 pravum
956 3408 963 3434 ,
977 3371 1021 3440 qui
1033 3371 1079 3424 sub
1089 3370 1173 3424 Clau-

97 3471 179 3523 quam
191 3451 333 3519 lucramur,
357 3453 378 3505 si
390 3455 500 3506 bactant.
514 3453 572 3504 lust.
585 3454 611 3517 l,
663 3449 706 3502 dio
718 3447 842 3512 invaluit,
856 3448 961 3500 civitatis
974 3448 1012 3520 jus
1025 3448 1171 3514 vendendi,

98 3533 130 3596 ¹5
143 3571 151 3596 ,
164 3543 265 3584 auctore
283 3532 418 3584 Plutonem
434 3530 613 3604 intelligamus.
663 3524 695 3578 tle
716 3545 767 3598 quo
789 3523 1023 3579 diluvionem.
1045 3527 1105 3591 LX,
1127 3547 1171 3595 ¹7·

97 3610 191 3661 Plutus
205 3609 230 3660 b.
243 3611 260 3661 l.
279 3611 372 3684 optime
385 3609 548 3672 conveniret,
568 3609 613 3661 ssd
663 3603 721 3656 coll.
737 3622 773 3676 ¹9·

98 3689 237 3741 auctoritas
251 3690 327 3741 deest.
694 3685 719 3738 6.
745 3685 834 3755 Quum
855 3684 940 3736 Diuus
966 3685 1110 3748 Claudius,
1128 3697 1172 3740 ete.

135 3769 159 3820 3.
167 3769 237 3822 Vscoe
248 3768 331 3822 Potoe.
346 3767 433 3821 Codd.
443 3767 544 3840 parisin.
557 3790 580 3819 α.
595 3767 611 3818 b
663 3759 736 3812 Pater
749 3762 803 3828 ejus
814 3761 861 3814 luit
873 3761 987 3826 Drusus,
1001 3781 1078 3832 quem
1087 3760 1173 3824 Liria,

96 3845 123 3896 lr.
139 3847 296 3913 Νίσιφοια,
311 3857 334 3897 ct
345 3845 381 3897 sic
394 3847 472 3898 codex
481 3844 611 3908 Turnebi,
662 3860 742 3910 quum
762 3843 878 3913 Augusto
901 3843 1006 3912 gravida
1027 3840 1170 3913 nupsisset,

97 3923 142 3992 qui
149 3935 236 3974 tamen
244 3941 309 3973 uuus
317 3939 345 3972 ex
354 3921 406 3973 istis
414 3921 530 3994 parisinis
537 3921 612 3973 luisse
662 3919 726 3970 intra
738 3937 851 3971 mensem
863 3919 964 3974 tertium
981 3920 1086 3992 peperit.
1103 3919 1172 3972 Suel.

96 4000 210 4053 videtur.
229 3998 363 4051 'sumebas
384 3999 444 4052 binc
464 3999 545 4050 lacere
561 4019 614 4050 ro·
663 3997 705 4048 vit.
721 3997 875 4070 Claud-cap.
891 4017 910 4050 1.

97 4079 163 4131 luite
172 4077 320 4145 Niceplrors',
332 4089 373 4129 aut
383 4077 563 4145 Japets'filius.
574 4076 614 4128 De
698 4093 720 4142 ς.
739 4075 829 4144 Quam
843 4078 949 4144 ipses...
957 4078 1045 4142 jussit.
1070 4074 1108 4126 (ΙΙ.
1121 4074 1173 4127 Dio

96 4155 213 4210 Victoria
225 4153 328 4227 explicat
341 4153 510 4208 Fromondus.
524 4153 616 4206 Nomi·
667 4152 734 4205 Cass.
747 4153 801 4216 LX,
817 4155 841 4204 5.
