<?xml version="1.0" encoding="UTF-8"?>
<!DOCTYPE html PUBLIC "-//W3C//DTD XHTML 1.0 Transitional//EN"
    "http://www.w3.org/TR/xhtml1/DTD/xhtml1-transitional.dtd">
<html xmlns="http://www.w3.org/1999/xhtml" xml:lang="en" lang="en">
 <head>
  <title>
</title>
<meta http-equiv="Content-Type" content="text/html;charset=utf-8" />
  <meta name='ocr-system' content='tesseract 3.04.00' />
  <meta name='ocr-capabilities' content='ocr_page ocr_carea ocr_par ocr_line ocrx_word'/>
</head>
<body>
  <div class='ocr_page' id='page_1' title='image "./lannsenecparspr02bouigoog_0312.png"; bbox 0 0 2966 4948; ppageno 0'>
   <div class='ocr_carea' id='block_1_1' title="bbox 500 370 1162 506">
    <p class='ocr_par' dir='ltr' id='par_1_1' title="bbox 500 370 1162 506">
     <span class='ocr_line' id='line_1_1' title="bbox 500 370 1162 506; baseline 0.014 -9"><span class='ocrx_word' id='word_1_1' title='bbox 500 426 674 497; x_wconf 79' lang='lat' dir='ltr'><strong>CAPUT</strong></span> <span class='ocrx_word' id='word_1_2' title='bbox 687 370 780 497; x_wconf 28' lang='grc' dir='ltr'><strong>,ΧΨ</strong></span> <span class='ocrx_word' id='word_1_3' title='bbox 1099 437 1162 506; x_wconf 85' lang='lat'><strong>301</strong></span> 
     </span>
    </p>
   </div>
   <div class='ocr_carea' id='block_1_2' title="bbox 97 543 1172 1942">
    <p class='ocr_par' dir='ltr' id='par_1_2' title="bbox 97 543 1172 1470">
     <span class='ocr_line' id='line_1_2' title="bbox 98 543 1165 650; baseline 0.006 -22"><span class='ocrx_word' id='word_1_4' title='bbox 98 559 250 628; x_wconf 81' lang='lat' dir='ltr'><strong>relevari</strong></span> <span class='ocrx_word' id='word_1_5' title='bbox 260 587 270 644; x_wconf 81' lang='lat'><em>3</em></span> <span class='ocrx_word' id='word_1_6' title='bbox 282 556 461 650; x_wconf 84' lang='lat' dir='ltr'><strong>aliquando</strong></span> <span class='ocrx_word' id='word_1_7' title='bbox 467 543 593 625; x_wconf 84' lang='lat' dir='ltr'><strong>Ixionis</strong></span> <span class='ocrx_word' id='word_1_8' title='bbox 603 558 718 624; x_wconf 89' lang='lat' dir='ltr'><strong>miseri</strong></span> <span class='ocrx_word' id='word_1_9' title='bbox 727 571 835 626; x_wconf 84' lang='lat' dir='ltr'><strong>rotem</strong></span> <span class='ocrx_word' id='word_1_10' title='bbox 844 559 1165 635; x_wconf 70' lang='lat' dir='ltr'><strong>sufflaminandam.</strong></span> 
     </span>
     <span class='ocr_line' id='line_1_3' title="bbox 98 671 1172 767; baseline 0.006 -25"><span class='ocrx_word' id='word_1_11' title='bbox 98 679 181 744; x_wconf 89' lang='lat' dir='ltr'><strong>Non</strong></span> <span class='ocrx_word' id='word_1_12' title='bbox 190 671 388 767; x_wconf 82' lang='lat' dir='ltr'><strong>placuitulli</strong></span> <span class='ocrx_word' id='word_1_13' title='bbox 401 673 633 739; x_wconf 80' lang='lat' dir='ltr'><strong>exvetemnis²</strong></span> <span class='ocrx_word' id='word_1_14' title='bbox 643 673 836 743; x_wconf 78' lang='lat' dir='ltr'><strong>missionem</strong></span> <span class='ocrx_word' id='word_1_15' title='bbox 847 675 934 759; x_wconf 85' lang='lat' dir='ltr'><strong>dari,</strong></span> <span class='ocrx_word' id='word_1_16' title='bbox 950 678 1061 746; x_wconf 88' lang='lat' dir='ltr'><strong>nevel</strong></span> <span class='ocrx_word' id='word_1_17' title='bbox 1076 679 1172 749; x_wconf 83' lang='lat' dir='ltr'><strong>Clau·</strong></span> 
     </span>
     <span class='ocr_line' id='line_1_4' title="bbox 99 787 1170 886; baseline 0.005 -28"><span class='ocrx_word' id='word_1_18' title='bbox 99 789 181 858; x_wconf 82' lang='lat' dir='ltr'><strong>dius</strong></span> <span class='ocrx_word' id='word_1_19' title='bbox 197 813 349 881; x_wconf 86' lang='lat' dir='ltr'><strong>unquam</strong></span> <span class='ocrx_word' id='word_1_20' title='bbox 366 787 475 856; x_wconf 90' lang='lat' dir='ltr'><strong>simile</strong></span> <span class='ocrx_word' id='word_1_21' title='bbox 493 803 656 880; x_wconf 77' lang='lat' dir='ltr'><strong>speraret.</strong></span> <span class='ocrx_word' id='word_1_22' title='bbox 675 787 807 858; x_wconf 83' lang='lat' dir='ltr'>Placuit</span> <span class='ocrx_word' id='word_1_23' title='bbox 824 814 945 860; x_wconf 83' lang='lat' dir='ltr'><strong>norem</strong></span> <span class='ocrx_word' id='word_1_24' title='bbox 961 816 1094 886; x_wconf 83' lang='lat' dir='ltr'><strong>poenam</strong></span> <span class='ocrx_word' id='word_1_25' title='bbox 1110 819 1170 863; x_wconf 87' lang='lat' dir='ltr'><strong>ex-</strong></span> 
     </span>
     <span class='ocr_line' id='line_1_5' title="bbox 100 900 1172 1000; baseline 0.006 -26"><span class='ocrx_word' id='word_1_26' title='bbox 100 906 248 1000; x_wconf 81' lang='lat' dir='ltr'><strong>cogitari</strong></span> <span class='ocrx_word' id='word_1_27' title='bbox 271 903 422 988; x_wconf 88' lang='lat' dir='ltr'><strong>debere,</strong></span> <span class='ocrx_word' id='word_1_28' title='bbox 452 900 695 971; x_wconf 86' lang='lat' dir='ltr'><strong>instituendum</strong></span> <span class='ocrx_word' id='word_1_29' title='bbox 713 903 767 971; x_wconf 90' lang='lat' dir='ltr'><strong>illi</strong></span> <span class='ocrx_word' id='word_1_30' title='bbox 781 905 931 975; x_wconf 85' lang='lat' dir='ltr'><strong>laborem</strong></span> <span class='ocrx_word' id='word_1_31' title='bbox 952 908 1115 996; x_wconf 87' lang='lat' dir='ltr'><strong>irritum,</strong></span> <span class='ocrx_word' id='word_1_32' title='bbox 1138 928 1172 980; x_wconf 91' lang='lat' dir='ltr'><strong>ct</strong></span> 
     </span>
     <span class='ocr_line' id='line_1_6' title="bbox 101 1009 1172 1114; baseline 0.007 -25"><span class='ocrx_word' id='word_1_33' title='bbox 101 1022 251 1114; x_wconf 83' lang='lat' dir='ltr'><strong>alicujus</strong></span> <span class='ocrx_word' id='word_1_34' title='bbox 259 1017 454 1114; x_wconf 81' lang='lat' dir='ltr'><strong>cupiditatis</strong></span> <span class='ocrx_word' id='word_1_35' title='bbox 461 1009 604 1112; x_wconf 83' lang='lat' dir='ltr'><strong>species³</strong></span> <span class='ocrx_word' id='word_1_36' title='bbox 615 1019 763 1086; x_wconf 82' lang='lat' dir='ltr'><strong>sinefine</strong></span> <span class='ocrx_word' id='word_1_37' title='bbox 774 1036 807 1088; x_wconf 91' lang='lat' dir='ltr'><strong>et</strong></span> <span class='ocrx_word' id='word_1_38' title='bbox 816 1023 1041 1093; x_wconf 78' lang='lat' dir='ltr'><strong>effectuTum</strong></span> <span class='ocrx_word' id='word_1_39' title='bbox 1051 1029 1172 1098; x_wconf 84' lang='lat' dir='ltr'><strong>AEaeus</strong></span> 
     </span>
     <span class='ocr_line' id='line_1_7' title="bbox 97 1121 1172 1236; baseline 0.006 -33"><span class='ocrx_word' id='word_1_40' title='bbox 97 1136 203 1229; x_wconf 86' lang='lat' dir='ltr'><strong>jubet</strong></span> <span class='ocrx_word' id='word_1_41' title='bbox 217 1135 313 1203; x_wconf 91' lang='lat' dir='ltr'><strong>illum</strong></span> <span class='ocrx_word' id='word_1_42' title='bbox 329 1135 402 1203; x_wconf 84' lang='lat' dir='ltr'><strong>alea</strong></span> <span class='ocrx_word' id='word_1_43' title='bbox 420 1134 539 1203; x_wconf 89' lang='lat' dir='ltr'><strong>ludere</strong></span> <span class='ocrx_word' id='word_1_44' title='bbox 553 1121 690 1227; x_wconf 81' lang='lat' dir='ltr'><strong>pertuso</strong></span> <span class='ocrx_word' id='word_1_45' title='bbox 708 1135 826 1206; x_wconf 77' lang='lat' dir='ltr'>fritillo</span> <span class='ocrx_word' id='word_1_46' title='bbox 841 1130 868 1206; x_wconf 76' lang='lat'><strong>⁴.</strong></span> <span class='ocrx_word' id='word_1_47' title='bbox 885 1141 928 1206; x_wconf 86' lang='lat' dir='ltr'><strong>Et</strong></span> <span class='ocrx_word' id='word_1_48' title='bbox 940 1140 1010 1232; x_wconf 87' lang='lat' dir='ltr'><strong>jam</strong></span> <span class='ocrx_word' id='word_1_49' title='bbox 1024 1158 1172 1236; x_wconf 87' lang='lat' dir='ltr'><strong>eoepemt</strong></span> 
     </span>
     <span class='ocr_line' id='line_1_8' title="bbox 103 1253 1121 1347; baseline 0.009 -29"><span class='ocrx_word' id='word_1_50' title='bbox 103 1253 276 1344; x_wconf 81' lang='lat' dir='ltr'><strong>fugientes</strong></span> <span class='ocrx_word' id='word_1_51' title='bbox 292 1274 427 1343; x_wconf 88' lang='lat' dir='ltr'><strong>semper</strong></span> <span class='ocrx_word' id='word_1_52' title='bbox 440 1265 582 1318; x_wconf 84' lang='lat' dir='ltr'><strong>tesseres</strong></span> <span class='ocrx_word' id='word_1_53' title='bbox 600 1273 765 1341; x_wconf 84' lang='lat' dir='ltr'><strong>qnaerere,</strong></span> <span class='ocrx_word' id='word_1_54' title='bbox 786 1267 820 1319; x_wconf 88' lang='lat' dir='ltr'><strong>et</strong></span> <span class='ocrx_word' id='word_1_55' title='bbox 836 1254 925 1321; x_wconf 81' lang='lat' dir='ltr'>nihil</span> <span class='ocrx_word' id='word_1_56' title='bbox 940 1258 1121 1347; x_wconf 87' lang='lat' dir='ltr'><strong>prolicere.</strong></span> 
     </span>
     <span class='ocr_line' id='line_1_9' title="bbox 144 1387 1014 1470; baseline 0.003 -19"><span class='ocrx_word' id='word_1_57' title='bbox 144 1389 219 1451; x_wconf 81' lang='lat' dir='ltr'><strong>XV.</strong></span> <span class='ocrx_word' id='word_1_58' title='bbox 250 1389 334 1451; x_wconf 87' lang='lat' dir='ltr'><strong>Nam</strong></span> <span class='ocrx_word' id='word_1_59' title='bbox 349 1387 465 1470; x_wconf 87' lang='lat' dir='ltr'><strong>quoties</strong></span> <span class='ocrx_word' id='word_1_60' title='bbox 476 1387 622 1448; x_wconf 82' lang='lat' dir='ltr'><strong>missurus</strong></span> <span class='ocrx_word' id='word_1_61' title='bbox 637 1399 701 1449; x_wconf 87' lang='lat' dir='ltr'><strong>erat</strong></span> <span class='ocrx_word' id='word_1_62' title='bbox 712 1402 872 1451; x_wconf 80' lang='lat' dir='ltr'><strong>resonante</strong></span> <span class='ocrx_word' id='word_1_63' title='bbox 887 1389 1014 1466; x_wconf 80' lang='lat' dir='ltr'>fritillo,</span> 
     </span>
    </p>

    <p class='ocr_par' dir='ltr' id='par_1_3' title="bbox 253 1485 951 1570">
     <span class='ocr_line' id='line_1_10' title="bbox 253 1485 951 1570; baseline 0 -20"><span class='ocrx_word' id='word_1_64' title='bbox 253 1487 389 1569; x_wconf 83' lang='lat' dir='ltr'><strong>Utraque</strong></span> <span class='ocrx_word' id='word_1_65' title='bbox 405 1485 549 1548; x_wconf 84' lang='lat' dir='ltr'><strong>subducto</strong></span> <span class='ocrx_word' id='word_1_66' title='bbox 562 1485 695 1570; x_wconf 78' lang='lat' dir='ltr'><strong>fugiebat</strong></span> <span class='ocrx_word' id='word_1_67' title='bbox 705 1499 818 1550; x_wconf 84' lang='lat' dir='ltr'><strong>tessera</strong></span> <span class='ocrx_word' id='word_1_68' title='bbox 832 1487 924 1550; x_wconf 79' lang='lat' dir='ltr'><strong>fundo</strong></span> <span class='ocrx_word' id='word_1_69' title='bbox 942 1515 951 1549; x_wconf 73' lang='grc' dir='ltr'>ι</span> 
     </span>
    </p>

    <p class='ocr_par' dir='ltr' id='par_1_4' title="bbox 251 1581 967 1665">
     <span class='ocr_line' id='line_1_11' title="bbox 251 1581 967 1665; baseline 0.001 -18"><span class='ocrx_word' id='word_1_70' title='bbox 251 1581 390 1664; x_wconf 81' lang='lat' dir='ltr'><strong>Cumque</strong></span> <span class='ocrx_word' id='word_1_71' title='bbox 403 1582 582 1646; x_wconf 86' lang='lat' dir='ltr'><strong>recollectos</strong></span> <span class='ocrx_word' id='word_1_72' title='bbox 596 1583 720 1644; x_wconf 80' lang='lat' dir='ltr'><strong>auderet</strong></span> <span class='ocrx_word' id='word_1_73' title='bbox 735 1583 855 1646; x_wconf 84' lang='lat' dir='ltr'><strong>mittere</strong></span> <span class='ocrx_word' id='word_1_74' title='bbox 869 1586 967 1665; x_wconf 81' lang='lat' dir='ltr'><strong>talos,</strong></span> 
     </span>
    </p>

    <p class='ocr_par' dir='ltr' id='par_1_5' title="bbox 252 1682 990 1767">
     <span class='ocr_line' id='line_1_12' title="bbox 252 1682 990 1767; baseline 0.003 -22"><span class='ocrx_word' id='word_1_75' title='bbox 252 1682 370 1745; x_wconf 89' lang='lat' dir='ltr'><strong>Lusuro</strong></span> <span class='ocrx_word' id='word_1_76' title='bbox 383 1682 490 1744; x_wconf 87' lang='lat' dir='ltr'><strong>similis</strong></span> <span class='ocrx_word' id='word_1_77' title='bbox 504 1703 645 1766; x_wconf 80' lang='lat' dir='ltr'><strong>semper,</strong></span> <span class='ocrx_word' id='word_1_78' title='bbox 664 1703 842 1765; x_wconf 85' lang='lat' dir='ltr'><strong>semperque</strong></span> <span class='ocrx_word' id='word_1_79' title='bbox 856 1687 990 1767; x_wconf 80' lang='lat' dir='ltr'><strong>petenti,</strong></span> 
     </span>
    </p>

    <p class='ocr_par' dir='ltr' id='par_1_6' title="bbox 249 1780 1035 1871">
     <span class='ocr_line' id='line_1_13' title="bbox 249 1780 1035 1871; baseline 0.008 -27"><span class='ocrx_word' id='word_1_80' title='bbox 249 1780 407 1866; x_wconf 86' lang='lat' dir='ltr'><strong>Decepe&#39;re</strong></span> <span class='ocrx_word' id='word_1_81' title='bbox 424 1781 516 1844; x_wconf 84' lang='lat' dir='ltr'><strong>fidem</strong></span> <span class='ocrx_word' id='word_1_82' title='bbox 532 1804 539 1840; x_wconf 92' lang='lat'><strong>:</strong></span> <span class='ocrx_word' id='word_1_83' title='bbox 556 1781 684 1865; x_wconf 81' lang='lat' dir='ltr'><strong>refugit,</strong></span> <span class='ocrx_word' id='word_1_84' title='bbox 700 1782 866 1865; x_wconf 84' lang='lat' dir='ltr'><strong>digitosque</strong></span> <span class='ocrx_word' id='word_1_85' title='bbox 882 1806 937 1868; x_wconf 91' lang='lat' dir='ltr'><strong>per</strong></span> <span class='ocrx_word' id='word_1_86' title='bbox 953 1787 1035 1871; x_wconf 89' lang='lat' dir='ltr'><strong>ipsos</strong></span> 
     </span>
    </p>

    <p class='ocr_par' dir='ltr' id='par_1_7' title="bbox 251 1876 1077 1942">
     <span class='ocr_line' id='line_1_14' title="bbox 251 1876 1077 1942; baseline 0.002 -2"><span class='ocrx_word' id='word_1_87' title='bbox 251 1876 359 1942; x_wconf 77' lang='lat' dir='ltr'>Fallax</span> <span class='ocrx_word' id='word_1_88' title='bbox 374 1879 493 1941; x_wconf 84' lang='lat' dir='ltr'><strong>assiduo</strong></span> <span class='ocrx_word' id='word_1_89' title='bbox 507 1878 648 1940; x_wconf 83' lang='lat' dir='ltr'><strong>dilabitur</strong></span> <span class='ocrx_word' id='word_1_90' title='bbox 662 1878 729 1940; x_wconf 85' lang='lat' dir='ltr'><strong>alea</strong></span> <span class='ocrx_word' id='word_1_91' title='bbox 744 1878 835 1942; x_wconf 85' lang='lat' dir='ltr'><strong>furto.</strong></span> <span class='ocrx_word' id='word_1_92' title='bbox 1071 1901 1077 1912; x_wconf 91' lang='lat'><strong>·</strong></span> 
     </span>
    </p>
   </div>
   <div class='ocr_carea' id='block_1_3' title="bbox 251 1977 1076 2166">
    <p class='ocr_par' dir='ltr' id='par_1_8' title="bbox 251 1977 1076 2166">
     <span class='ocr_line' id='line_1_15' title="bbox 252 1977 1076 2063; baseline 0.01 -23"><span class='ocrx_word' id='word_1_93' title='bbox 252 1977 303 2041; x_wconf 89' lang='lat' dir='ltr'><strong>Sic</strong></span> <span class='ocrx_word' id='word_1_94' title='bbox 319 2000 412 2060; x_wconf 68' lang='lat' dir='ltr'><strong>quemi</strong></span> <span class='ocrx_word' id='word_1_95' title='bbox 426 1980 489 2060; x_wconf 83' lang='lat' dir='ltr'><strong>jam</strong></span> <span class='ocrx_word' id='word_1_96' title='bbox 502 1977 612 2040; x_wconf 90' lang='lat' dir='ltr'><strong>summi</strong></span> <span class='ocrx_word' id='word_1_97' title='bbox 625 1991 786 2062; x_wconf 77' lang='lat' dir='ltr'><strong>tangrmtur</strong></span> <span class='ocrx_word' id='word_1_98' title='bbox 800 1979 931 2042; x_wconf 84' lang='lat' dir='ltr'><strong>culmina</strong></span> <span class='ocrx_word' id='word_1_99' title='bbox 945 1986 1076 2063; x_wconf 87' lang='lat' dir='ltr'><strong>montis,</strong></span> 
     </span>
     <span class='ocr_line' id='line_1_16' title="bbox 251 2075 922 2166; baseline 0.003 -26"><span class='ocrx_word' id='word_1_100' title='bbox 251 2075 341 2141; x_wconf 82' lang='lat' dir='ltr'><strong>lrrita</strong></span> <span class='ocrx_word' id='word_1_101' title='bbox 354 2076 495 2166; x_wconf 81' lang='lat' dir='ltr'><strong>Sisyphio</strong></span> <span class='ocrx_word' id='word_1_102' title='bbox 510 2077 669 2140; x_wconf 84' lang='lat' dir='ltr'><strong>volvuntur</strong></span> <span class='ocrx_word' id='word_1_103' title='bbox 682 2079 817 2162; x_wconf 83' lang='lat' dir='ltr'><strong>pondera</strong></span> <span class='ocrx_word' id='word_1_104' title='bbox 832 2081 922 2142; x_wconf 87' lang='lat' dir='ltr'><strong>eollo.</strong></span> 
     </span>
    </p>
   </div>
   <div class='ocr_carea' id='block_1_4' title="bbox 108 2205 1176 2308">
    <p class='ocr_par' dir='ltr' id='par_1_9' title="bbox 108 2205 1176 2308">
     <span class='ocr_line' id='line_1_17' title="bbox 108 2205 1176 2308; baseline 0.004 -26"><span class='ocrx_word' id='word_1_105' title='bbox 108 2213 281 2308; x_wconf 84' lang='lat' dir='ltr'><strong>Apparuit</strong></span> <span class='ocrx_word' id='word_1_106' title='bbox 293 2212 406 2280; x_wconf 84' lang='lat' dir='ltr'><strong>subito</strong></span> <span class='ocrx_word' id='word_1_107' title='bbox 424 2214 464 2280; x_wconf 88' lang='lat' dir='ltr'><strong>C.</strong></span> <span class='ocrx_word' id='word_1_108' title='bbox 484 2205 631 2293; x_wconf 84' lang='lat' dir='ltr'><strong>Caesar⁵‚</strong></span> <span class='ocrx_word' id='word_1_109' title='bbox 648 2227 682 2278; x_wconf 88' lang='lat' dir='ltr'><strong>et</strong></span> <span class='ocrx_word' id='word_1_110' title='bbox 694 2226 810 2303; x_wconf 87' lang='lat' dir='ltr'><strong>petere</strong></span> <span class='ocrx_word' id='word_1_111' title='bbox 820 2212 914 2281; x_wconf 91' lang='lat' dir='ltr'><strong>illum</strong></span> <span class='ocrx_word' id='word_1_112' title='bbox 927 2209 963 2281; x_wconf 89' lang='lat' dir='ltr'><strong>in</strong></span> <span class='ocrx_word' id='word_1_113' title='bbox 980 2219 1176 2286; x_wconf 84' lang='lat' dir='ltr'><strong>servitutem</strong></span> 
     </span>
    </p>
   </div>
   <div class='ocr_carea' id='block_1_5' title="bbox 110 2391 1249 2482">
    <p class='ocr_par' dir='ltr' id='par_1_10' title="bbox 110 2391 1249 2482">
     <span class='ocr_line' id='line_1_18' title="bbox 110 2391 1249 2482; baseline 0.019 -36"><span class='ocrx_word' id='word_1_114' title='bbox 110 2408 166 2448; x_wconf 87' lang='lat' dir='ltr'><strong>turn</strong></span> <span class='ocrx_word' id='word_1_115' title='bbox 183 2391 346 2450; x_wconf 82' lang='lat' dir='ltr'><strong>callidissimo</strong></span> <span class='ocrx_word' id='word_1_116' title='bbox 361 2394 476 2446; x_wconf 87' lang='lat' dir='ltr'><strong>omnium</strong></span> <span class='ocrx_word' id='word_1_117' title='bbox 490 2394 546 2448; x_wconf 86' lang='lat' dir='ltr'><strong>viro</strong></span> <span class='ocrx_word' id='word_1_118' title='bbox 557 2413 621 2446; x_wconf 87' lang='lat' dir='ltr'><strong>nar-</strong></span> <span class='ocrx_word' id='word_1_119' title='bbox 672 2402 817 2478; x_wconf 79' lang='lat' dir='ltr'><strong>gladiatorii</strong></span> <span class='ocrx_word' id='word_1_120' title='bbox 835 2406 889 2460; x_wconf 89' lang='lat' dir='ltr'><strong>lurli</strong></span> <span class='ocrx_word' id='word_1_121' title='bbox 907 2409 984 2462; x_wconf 85' lang='lat' dir='ltr'><strong>verba</strong></span> <span class='ocrx_word' id='word_1_122' title='bbox 997 2431 1049 2464; x_wconf 86' lang='lat' dir='ltr'><strong>esse</strong></span> <span class='ocrx_word' id='word_1_123' title='bbox 1062 2427 1175 2482; x_wconf 86' lang='lat' dir='ltr'><strong>constat,</strong></span> <span class='ocrx_word' id='word_1_124' title='bbox 1247 2417 1249 2420; x_wconf 69' lang='grc'>’</span> 
     </span>
    </p>
   </div>
   <div class='ocr_carea' id='block_1_6' title="bbox 109 2473 1178 2704">
    <p class='ocr_par' dir='ltr' id='par_1_11' title="bbox 109 2473 1178 2704">
     <span class='ocr_line' id='line_1_19' title="bbox 112 2473 1177 2554; baseline 0.016 -25"><span class='ocrx_word' id='word_1_125' title='bbox 112 2489 170 2529; x_wconf 88' lang='lat' dir='ltr'><strong>rant</strong></span> <span class='ocrx_word' id='word_1_126' title='bbox 186 2477 230 2528; x_wconf 84' lang='lat' dir='ltr'><strong>elii</strong></span> <span class='ocrx_word' id='word_1_127' title='bbox 248 2475 281 2528; x_wconf 88' lang='lat' dir='ltr'><strong>ob</strong></span> <span class='ocrx_word' id='word_1_128' title='bbox 303 2475 435 2528; x_wconf 63' lang='lat' dir='ltr'><strong>latrocinia</strong></span> <span class='ocrx_word' id='word_1_129' title='bbox 460 2487 485 2527; x_wconf 71' lang='lat' dir='ltr'><strong>tl</strong></span> <span class='ocrx_word' id='word_1_130' title='bbox 511 2473 617 2537; x_wconf 58' lang='grc' dir='ltr'><strong>Μεθ’</strong></span> <span class='ocrx_word' id='word_1_131' title='bbox 672 2484 763 2554; x_wconf 88' lang='lat' dir='ltr'><strong>quibus</strong></span> <span class='ocrx_word' id='word_1_132' title='bbox 781 2487 894 2540; x_wconf 81' lang='lat' dir='ltr'><strong>veterani</strong></span> <span class='ocrx_word' id='word_1_133' title='bbox 915 2501 957 2540; x_wconf 89' lang='lat' dir='ltr'><strong>aut</strong></span> <span class='ocrx_word' id='word_1_134' title='bbox 976 2489 1018 2541; x_wconf 84' lang='lat' dir='ltr'><strong>alii</strong></span> <span class='ocrx_word' id='word_1_135' title='bbox 1038 2494 1177 2545; x_wconf 84' lang='lat' dir='ltr'><strong>commeriti</strong></span> 
     </span>
     <span class='ocr_line' id='line_1_20' title="bbox 109 2554 1178 2643; baseline 0.016 -37"><span class='ocrx_word' id='word_1_136' title='bbox 109 2555 156 2606; x_wconf 85' lang='lat' dir='ltr'><strong>alii</strong></span> <span class='ocrx_word' id='word_1_137' title='bbox 170 2554 239 2625; x_wconf 84' lang='lat' dir='ltr'><strong>quod</strong></span> <span class='ocrx_word' id='word_1_138' title='bbox 249 2575 263 2606; x_wconf 87' lang='lat' dir='ltr'><strong>a</strong></span> <span class='ocrx_word' id='word_1_139' title='bbox 275 2556 340 2607; x_wconf 81' lang='lat' dir='ltr'><strong>Jove</strong></span> <span class='ocrx_word' id='word_1_140' title='bbox 349 2565 445 2642; x_wconf 69' lang='lat' dir='ltr'><strong>raptam</strong></span> <span class='ocrx_word' id='word_1_141' title='bbox 459 2565 543 2606; x_wconf 75' lang='lat' dir='ltr'><strong>natam</strong></span> <span class='ocrx_word' id='word_1_142' title='bbox 557 2556 619 2604; x_wconf 73' lang='lat' dir='ltr'><strong>Ato·</strong></span> <span class='ocrx_word' id='word_1_143' title='bbox 672 2561 733 2614; x_wconf 85' lang='lat' dir='ltr'><strong>ludo</strong></span> <span class='ocrx_word' id='word_1_144' title='bbox 745 2575 769 2614; x_wconf 89' lang='lat' dir='ltr'><strong>et</strong></span> <span class='ocrx_word' id='word_1_145' title='bbox 782 2563 938 2636; x_wconf 73' lang='lat' dir='ltr'><strong>obligatione</strong></span> <span class='ocrx_word' id='word_1_146' title='bbox 954 2568 981 2618; x_wconf 89' lang='lat' dir='ltr'><strong>in</strong></span> <span class='ocrx_word' id='word_1_147' title='bbox 994 2587 1068 2620; x_wconf 84' lang='lat' dir='ltr'><strong>areas</strong></span> <span class='ocrx_word' id='word_1_148' title='bbox 1081 2569 1178 2643; x_wconf 78' lang='lat' dir='ltr'><strong>depug-</strong></span> 
     </span>
     <span class='ocr_line' id='line_1_21' title="bbox 111 2630 966 2704; baseline 0.014 -21"><span class='ocrx_word' id='word_1_149' title='bbox 111 2652 145 2704; x_wconf 91' lang='lat' dir='ltr'><strong>po</strong></span> <span class='ocrx_word' id='word_1_150' title='bbox 163 2631 344 2696; x_wconf 76' lang='lat' dir='ltr'><strong>nuntiavisset,</strong></span> <span class='ocrx_word' id='word_1_151' title='bbox 367 2630 411 2683; x_wconf 79' lang='lat' dir='ltr'><strong>alsi</strong></span> <span class='ocrx_word' id='word_1_152' title='bbox 431 2631 533 2684; x_wconf 85' lang='lat' dir='ltr'><strong>demum</strong></span> <span class='ocrx_word' id='word_1_153' title='bbox 554 2630 622 2703; x_wconf 76' lang='lat' dir='ltr'><strong>quotl</strong></span> <span class='ocrx_word' id='word_1_154' title='bbox 672 2638 751 2690; x_wconf 80' lang='lat' dir='ltr'><strong>uendi</strong></span> <span class='ocrx_word' id='word_1_155' title='bbox 766 2639 966 2695; x_wconf 76' lang='lat' dir='ltr'><strong>absolvebantur.</strong></span> 
     </span>
    </p>
   </div>
   <div class='ocr_carea' id='block_1_7' title="bbox 111 2707 1239 3330">
    <p class='ocr_par' dir='ltr' id='par_1_12' title="bbox 111 2707 1181 3258">
     <span class='ocr_line' id='line_1_22' title="bbox 111 2707 1178 2795; baseline 0.021 -36"><span class='ocrx_word' id='word_1_156' title='bbox 111 2707 223 2762; x_wconf 81' lang='lat' dir='ltr'><strong>Mortem</strong></span> <span class='ocrx_word' id='word_1_157' title='bbox 236 2729 322 2782; x_wconf 76' lang='lat' dir='ltr'><strong>pugna</strong></span> <span class='ocrx_word' id='word_1_158' title='bbox 335 2708 429 2761; x_wconf 81' lang='lat' dir='ltr'><strong>vicum</strong></span> <span class='ocrx_word' id='word_1_159' title='bbox 446 2709 539 2764; x_wconf 83' lang='lat' dir='ltr'><strong>catenis</strong></span> <span class='ocrx_word' id='word_1_160' title='bbox 556 2727 623 2761; x_wconf 68' lang='grc' dir='ltr'><strong>ουε·</strong></span> <span class='ocrx_word' id='word_1_161' title='bbox 703 2715 726 2768; x_wconf 81' lang='grc'><strong>3,</strong></span> <span class='ocrx_word' id='word_1_162' title='bbox 739 2715 849 2787; x_wconf 80' lang='lat' dir='ltr'><strong>Species.</strong></span> <span class='ocrx_word' id='word_1_163' title='bbox 860 2721 936 2774; x_wconf 86' lang='lat' dir='ltr'><strong>lluet.</strong></span> <span class='ocrx_word' id='word_1_164' title='bbox 953 2723 1040 2795; x_wconf 91' lang='lat' dir='ltr'><strong>probat</strong></span> <span class='ocrx_word' id='word_1_165' title='bbox 1054 2724 1178 2781; x_wconf 81' lang='lat' dir='ltr'><strong>Sebefl&#39;eri</strong></span> 
     </span>
     <span class='ocr_line' id='line_1_23' title="bbox 111 2785 1177 2866; baseline 0.008 -28"><span class='ocrx_word' id='word_1_166' title='bbox 111 2797 203 2850; x_wconf 89' lang='lat' dir='ltr'><strong>rasset,</strong></span> <span class='ocrx_word' id='word_1_167' title='bbox 215 2786 256 2840; x_wconf 92' lang='lat' dir='ltr'><strong>vel</strong></span> <span class='ocrx_word' id='word_1_168' title='bbox 267 2786 337 2858; x_wconf 86' lang='lat' dir='ltr'><strong>qoosl</strong></span> <span class='ocrx_word' id='word_1_169' title='bbox 348 2799 480 2860; x_wconf 81' lang='lat' dir='ltr'><strong>postquam</strong></span> <span class='ocrx_word' id='word_1_170' title='bbox 492 2785 622 2839; x_wconf 84' lang='lat' dir='ltr'><strong>remeandi</strong></span> <span class='ocrx_word' id='word_1_171' title='bbox 671 2795 872 2849; x_wconf 55' lang='lat' dir='ltr'><strong>maurissionem</strong></span> <span class='ocrx_word' id='word_1_172' title='bbox 885 2819 891 2849; x_wconf 65' lang='grc' dir='ltr'>ς</span> <span class='ocrx_word' id='word_1_173' title='bbox 905 2802 1019 2866; x_wconf 55' lang='lat' dir='ltr'><strong>specim,</strong></span> <span class='ocrx_word' id='word_1_174' title='bbox 1031 2802 1111 2855; x_wconf 69' lang='lat' dir='ltr'><strong>codd.</strong></span> <span class='ocrx_word' id='word_1_175' title='bbox 1122 2827 1145 2860; x_wconf 52' lang='grc' dir='ltr'><strong>α,</strong></span> <span class='ocrx_word' id='word_1_176' title='bbox 1154 2825 1177 2860; x_wconf 64' lang='lat'><strong>2,</strong></span> 
     </span>
     <span class='ocr_line' id='line_1_24' title="bbox 112 2863 1179 2948; baseline 0.02 -34"><span class='ocrx_word' id='word_1_177' title='bbox 112 2863 142 2915; x_wconf 88' lang='lat' dir='ltr'><strong>in</strong></span> <span class='ocrx_word' id='word_1_178' title='bbox 155 2875 233 2915; x_wconf 86' lang='lat' dir='ltr'><strong>terras</strong></span> <span class='ocrx_word' id='word_1_179' title='bbox 248 2865 391 2918; x_wconf 78' lang='lat' dir='ltr'><strong>facultatem</strong></span> <span class='ocrx_word' id='word_1_180' title='bbox 409 2864 590 2938; x_wconf 84' lang='lat' dir='ltr'><strong>impetravisset</strong></span> <span class='ocrx_word' id='word_1_181' title='bbox 608 2884 622 2917; x_wconf 85' lang='lat' dir='ltr'><strong>s</strong></span> <span class='ocrx_word' id='word_1_182' title='bbox 670 2871 695 2923; x_wconf 91' lang='lat' dir='ltr'><strong>b.</strong></span> <span class='ocrx_word' id='word_1_183' title='bbox 708 2893 729 2925; x_wconf 91' lang='lat' dir='ltr'><strong>c.</strong></span> <span class='ocrx_word' id='word_1_184' title='bbox 742 2875 760 2925; x_wconf 80' lang='lat' dir='ltr'><strong>l.</strong></span> <span class='ocrx_word' id='word_1_185' title='bbox 775 2893 834 2945; x_wconf 80' lang='lat' dir='ltr'><strong>spes</strong></span> <span class='ocrx_word' id='word_1_186' title='bbox 845 2890 978 2948; x_wconf 75' lang='lat' dir='ltr'><strong>praestant,</strong></span> <span class='ocrx_word' id='word_1_187' title='bbox 995 2879 1031 2933; x_wconf 90' lang='lat' dir='ltr'><strong>sie</strong></span> <span class='ocrx_word' id='word_1_188' title='bbox 1042 2881 1101 2934; x_wconf 85' lang='lat' dir='ltr'><strong>edit.</strong></span> <span class='ocrx_word' id='word_1_189' title='bbox 1115 2902 1179 2937; x_wconf 89' lang='lat' dir='ltr'><strong>rom.</strong></span> 
     </span>
     <span class='ocr_line' id='line_1_25' title="bbox 114 2943 1180 3028; baseline 0.017 -32"><span class='ocrx_word' id='word_1_190' title='bbox 114 2943 233 3008; x_wconf 84' lang='lat' dir='ltr'><strong>Plutone,</strong></span> <span class='ocrx_word' id='word_1_191' title='bbox 244 2943 382 2997; x_wconf 78' lang='lat' dir='ltr'><strong>dummodo</strong></span> <span class='ocrx_word' id='word_1_192' title='bbox 395 2963 488 3018; x_wconf 87' lang='lat' dir='ltr'><strong>paucos</strong></span> <span class='ocrx_word' id='word_1_193' title='bbox 501 2957 556 3019; x_wconf 90' lang='lat' dir='ltr'><strong>post</strong></span> <span class='ocrx_word' id='word_1_194' title='bbox 568 2944 621 2998; x_wconf 82' lang='lat' dir='ltr'><strong>dies</strong></span> <span class='ocrx_word' id='word_1_195' title='bbox 671 2963 695 3002; x_wconf 87' lang='lat' dir='ltr'><strong>et</strong></span> <span class='ocrx_word' id='word_1_196' title='bbox 710 2969 798 3004; x_wconf 85' lang='lat' dir='ltr'><strong>omnes</strong></span> <span class='ocrx_word' id='word_1_197' title='bbox 825 2954 899 3008; x_wconf 86' lang='lat' dir='ltr'><strong>codd.</strong></span> <span class='ocrx_word' id='word_1_198' title='bbox 923 2955 973 3007; x_wconf 79' lang='lat' dir='ltr'><strong>sed</strong></span> <span class='ocrx_word' id='word_1_199' title='bbox 989 2969 1062 3018; x_wconf 49' lang='lat' dir='ltr'><strong>,reete</strong></span> <span class='ocrx_word' id='word_1_200' title='bbox 1086 2967 1180 3028; x_wconf 83' lang='lat' dir='ltr'><strong>species</strong></span> 
     </span>
     <span class='ocr_line' id='line_1_26' title="bbox 113 3021 1179 3111; baseline 0.021 -39"><span class='ocrx_word' id='word_1_201' title='bbox 113 3033 297 3087; x_wconf 80' lang='lat' dir='ltr'><strong>reverteretur,</strong></span> <span class='ocrx_word' id='word_1_202' title='bbox 330 3040 383 3074; x_wconf 90' lang='lat' dir='ltr'><strong>non</strong></span> <span class='ocrx_word' id='word_1_203' title='bbox 416 3040 528 3075; x_wconf 84' lang='lat' dir='ltr'><strong>reversus</strong></span> <span class='ocrx_word' id='word_1_204' title='bbox 561 3034 621 3086; x_wconf 87' lang='lat' dir='ltr'><strong>est,</strong></span> <span class='ocrx_word' id='word_1_205' title='bbox 671 3027 788 3080; x_wconf 82' lang='lat' dir='ltr'><strong>emendat</strong></span> <span class='ocrx_word' id='word_1_206' title='bbox 807 3029 904 3098; x_wconf 89' lang='lat' dir='ltr'><strong>Curio,</strong></span> <span class='ocrx_word' id='word_1_207' title='bbox 923 3021 960 3086; x_wconf 87' lang='lat' dir='ltr'><strong>uti</strong></span> <span class='ocrx_word' id='word_1_208' title='bbox 976 3055 1045 3090; x_wconf 84' lang='lat' dir='ltr'><strong>nune</strong></span> <span class='ocrx_word' id='word_1_209' title='bbox 1063 3031 1179 3111; x_wconf 75' lang='lat' dir='ltr'><strong>legimus.</strong></span> 
     </span>
     <span class='ocr_line' id='line_1_27' title="bbox 115 3098 1177 3188; baseline 0.02 -39"><span class='ocrx_word' id='word_1_210' title='bbox 115 3098 160 3150; x_wconf 80' lang='lat' dir='ltr'><strong>sesl</strong></span> <span class='ocrx_word' id='word_1_211' title='bbox 176 3099 274 3152; x_wconf 82' lang='lat' dir='ltr'><strong>tamdiu</strong></span> <span class='ocrx_word' id='word_1_212' title='bbox 297 3101 433 3172; x_wconf 84' lang='lat' dir='ltr'><strong>permansit</strong></span> <span class='ocrx_word' id='word_1_213' title='bbox 453 3101 534 3154; x_wconf 82' lang='lat' dir='ltr'><strong>‹lonee</strong></span> <span class='ocrx_word' id='word_1_214' title='bbox 550 3101 622 3153; x_wconf 88' lang='lat' dir='ltr'><strong>senio</strong></span> <span class='ocrx_word' id='word_1_215' title='bbox 672 3105 794 3179; x_wconf 82' lang='lat' dir='ltr'><strong>«Spem,</strong></span> <span class='ocrx_word' id='word_1_216' title='bbox 807 3128 861 3183; x_wconf 87' lang='lat' dir='ltr'><strong>spes</strong></span> <span class='ocrx_word' id='word_1_217' title='bbox 873 3149 881 3176; x_wconf 90' lang='lat'><strong>,</strong></span> <span class='ocrx_word' id='word_1_218' title='bbox 893 3110 993 3182; x_wconf 87' lang='lat' dir='ltr'><strong>spiritus</strong></span> <span class='ocrx_word' id='word_1_219' title='bbox 1007 3151 1014 3178; x_wconf 92' lang='lat'><strong>,</strong></span> <span class='ocrx_word' id='word_1_220' title='bbox 1026 3117 1133 3188; x_wconf 87' lang='lat' dir='ltr'><strong>speeiem</strong></span> <span class='ocrx_word' id='word_1_221' title='bbox 1143 3139 1157 3164; x_wconf 79' lang='lat'><strong>¹·</strong></span> <span class='ocrx_word' id='word_1_222' title='bbox 1170 3155 1177 3182; x_wconf 92' lang='lat'><strong>,</strong></span> 
     </span>
     <span class='ocr_line' id='line_1_28' title="bbox 117 3177 1181 3258; baseline 0.018 -28"><span class='ocrx_word' id='word_1_223' title='bbox 117 3179 247 3231; x_wconf 81' lang='lat' dir='ltr'><strong>confertus</strong></span> <span class='ocrx_word' id='word_1_224' title='bbox 257 3177 326 3231; x_wconf 82' lang='lat' dir='ltr'><strong>diem</strong></span> <span class='ocrx_word' id='word_1_225' title='bbox 336 3199 481 3253; x_wconf 86' lang='lat' dir='ltr'><strong>supremum</strong></span> <span class='ocrx_word' id='word_1_226' title='bbox 492 3179 582 3231; x_wconf 88' lang='lat' dir='ltr'><strong>obiret.</strong></span> <span class='ocrx_word' id='word_1_227' title='bbox 671 3184 822 3258; x_wconf 86' lang='lat' dir='ltr'><strong>compendio</strong></span> <span class='ocrx_word' id='word_1_228' title='bbox 837 3187 964 3242; x_wconf 85' lang='lat' dir='ltr'><strong>scribendi</strong></span> <span class='ocrx_word' id='word_1_229' title='bbox 983 3193 1048 3245; x_wconf 88' lang='lat' dir='ltr'><strong>male</strong></span> <span class='ocrx_word' id='word_1_230' title='bbox 1065 3195 1181 3249; x_wconf 87' lang='lat' dir='ltr'><strong>intellec-</strong></span> 
     </span>
    </p>

    <p class='ocr_par' dir='ltr' id='par_1_13' title="bbox 157 3259 1239 3330">
     <span class='ocr_line' id='line_1_29' title="bbox 157 3259 1239 3330; baseline 0.017 -21"><span class='ocrx_word' id='word_1_231' title='bbox 157 3277 177 3309; x_wconf 87' lang='grc' dir='ltr'><strong>ι.</strong></span> <span class='ocrx_word' id='word_1_232' title='bbox 186 3259 321 3311; x_wconf 78' lang='lat' dir='ltr'><strong>Ixionis...</strong></span> <span class='ocrx_word' id='word_1_233' title='bbox 333 3270 417 3312; x_wconf 82' lang='lat' dir='ltr'><strong>rotem</strong></span> <span class='ocrx_word' id='word_1_234' title='bbox 426 3259 624 3330; x_wconf 79' lang='lat' dir='ltr'><strong>sufflaminand·</strong></span> <span class='ocrx_word' id='word_1_235' title='bbox 673 3271 715 3324; x_wconf 86' lang='lat' dir='ltr'><strong>to,</strong></span> <span class='ocrx_word' id='word_1_236' title='bbox 729 3263 758 3315; x_wconf 92' lang='lat' dir='ltr'><strong>in</strong></span> <span class='ocrx_word' id='word_1_237' title='bbox 768 3263 842 3318; x_wconf 81' lang='lat' dir='ltr'><strong>codd.</strong></span> <span class='ocrx_word' id='word_1_238' title='bbox 857 3267 980 3322; x_wconf 82' lang='lat' dir='ltr'><strong>confundi</strong></span> <span class='ocrx_word' id='word_1_239' title='bbox 993 3269 1066 3324; x_wconf 86' lang='lat' dir='ltr'><strong>docet</strong></span> <span class='ocrx_word' id='word_1_240' title='bbox 1076 3272 1181 3326; x_wconf 88' lang='lat' dir='ltr'><strong>Oberli-</strong></span> <span class='ocrx_word' id='word_1_241' title='bbox 1235 3291 1239 3300; x_wconf 86' lang='lat'><em>·</em></span> 
     </span>
    </p>
   </div>
   <div class='ocr_carea' id='block_1_8' title="bbox 120 3335 1180 3494">
    <p class='ocr_par' dir='ltr' id='par_1_14' title="bbox 120 3335 1180 3494">
     <span class='ocr_line' id='line_1_30' title="bbox 120 3335 1180 3418; baseline 0.016 -31"><span class='ocrx_word' id='word_1_242' title='bbox 120 3335 626 3408; x_wconf 76' lang='lat' dir='ltr'><strong>Srsssluminureestenmyer;namsnllls·</strong></span> <span class='ocrx_word' id='word_1_243' title='bbox 674 3359 722 3394; x_wconf 90' lang='lat' dir='ltr'><strong>nus</strong></span> <span class='ocrx_word' id='word_1_244' title='bbox 732 3340 797 3393; x_wconf 80' lang='lat' dir='ltr'><strong>best.</strong></span> <span class='ocrx_word' id='word_1_245' title='bbox 809 3343 837 3394; x_wconf 90' lang='lat' dir='ltr'><strong>in</strong></span> <span class='ocrx_word' id='word_1_246' title='bbox 850 3346 919 3416; x_wconf 70' lang='lat' dir='ltr'><strong>prul.</strong></span> <span class='ocrx_word' id='word_1_247' title='bbox 932 3345 966 3398; x_wconf 84' lang='lat' dir='ltr'><strong>sd</strong></span> <span class='ocrx_word' id='word_1_248' title='bbox 978 3345 1058 3402; x_wconf 85' lang='lat' dir='ltr'><strong>Tacit.</strong></span> <span class='ocrx_word' id='word_1_249' title='bbox 1071 3351 1144 3402; x_wconf 84' lang='lat' dir='ltr'><strong>Tum.</strong></span> <span class='ocrx_word' id='word_1_250' title='bbox 1155 3354 1180 3418; x_wconf 85' lang='lat'><strong>1,</strong></span> 
     </span>
     <span class='ocr_line' id='line_1_31' title="bbox 121 3414 978 3494; baseline 0.009 -27"><span class='ocrx_word' id='word_1_251' title='bbox 121 3435 182 3467; x_wconf 87' lang='lat' dir='ltr'><strong>rnen</strong></span> <span class='ocrx_word' id='word_1_252' title='bbox 188 3414 362 3489; x_wconf 84' lang='lat' dir='ltr'><strong>impedimenti</strong></span> <span class='ocrx_word' id='word_1_253' title='bbox 368 3428 487 3489; x_wconf 76' lang='lat' dir='ltr'><strong>genusest</strong></span> <span class='ocrx_word' id='word_1_254' title='bbox 494 3415 628 3487; x_wconf 66' lang='lat' dir='ltr'><strong>quodrotae</strong></span> <span class='ocrx_word' id='word_1_255' title='bbox 674 3441 699 3492; x_wconf 86' lang='lat' dir='ltr'><strong>p.</strong></span> <span class='ocrx_word' id='word_1_256' title='bbox 707 3418 779 3482; x_wconf 81' lang='lat' dir='ltr'><strong>XVI,</strong></span> <span class='ocrx_word' id='word_1_257' title='bbox 792 3419 832 3472; x_wconf 83' lang='lat' dir='ltr'><strong>erl.</strong></span> <span class='ocrx_word' id='word_1_258' title='bbox 841 3421 897 3494; x_wconf 89' lang='lat' dir='ltr'><strong>lips.</strong></span> <span class='ocrx_word' id='word_1_259' title='bbox 910 3422 978 3476; x_wconf 81' lang='lat'><strong>18⁰1.</strong></span> 
     </span>
    </p>
   </div>
   <div class='ocr_carea' id='block_1_9' title="bbox 8 3491 1182 3573">
    <p class='ocr_par' dir='ltr' id='par_1_15' title="bbox 8 3491 1182 3573">
     <span class='ocr_line' id='line_1_32' title="bbox 8 3491 1182 3573; baseline 0.015 -33"><span class='ocrx_word' id='word_1_260' title='bbox 8 3533 9 3540; x_wconf 71' lang='grc'>,</span> <span class='ocrx_word' id='word_1_261' title='bbox 121 3491 627 3550; x_wconf 80' lang='lat' dir='ltr'><strong>decurrentiadditur.Juven.Sst.vl11=</strong></span> <span class='ocrx_word' id='word_1_262' title='bbox 708 3496 732 3560; x_wconf 75' lang='lat'><strong>4.</strong></span> <span class='ocrx_word' id='word_1_263' title='bbox 750 3495 816 3548; x_wconf 86' lang='lat' dir='ltr'><strong>Tum</strong></span> <span class='ocrx_word' id='word_1_264' title='bbox 828 3497 934 3551; x_wconf 75' lang='lat' dir='ltr'><strong>AEucrn</strong></span> <span class='ocrx_word' id='word_1_265' title='bbox 936 3536 986 3552; x_wconf 81' lang='lat'><strong>......</strong></span> <span class='ocrx_word' id='word_1_266' title='bbox 987 3502 1096 3573; x_wconf 75' lang='lat' dir='ltr'><strong>fritillo.</strong></span> <span class='ocrx_word' id='word_1_267' title='bbox 1112 3504 1182 3559; x_wconf 77' lang='lat' dir='ltr'><strong>Alere</strong></span> 
     </span>
    </p>
   </div>
   <div class='ocr_carea' id='block_1_10' title="bbox 88 3569 1187 4265">
    <p class='ocr_par' dir='ltr' id='par_1_16' title="bbox 123 3569 1183 3646">
     <span class='ocr_line' id='line_1_33' title="bbox 123 3569 1183 3646; baseline 0.016 -28"><span class='ocrx_word' id='word_1_268' title='bbox 123 3569 281 3644; x_wconf 68' lang='lat' dir='ltr'><strong>«lpserotam</strong></span> <span class='ocrx_word' id='word_1_269' title='bbox 289 3569 390 3642; x_wconf 74' lang='lat' dir='ltr'><strong>stringit</strong></span> <span class='ocrx_word' id='word_1_270' title='bbox 399 3569 479 3623; x_wconf 87' lang='lat' dir='ltr'><strong>multo</strong></span> <span class='ocrx_word' id='word_1_271' title='bbox 485 3569 627 3623; x_wconf 82' lang='lat' dir='ltr'><strong>sufflamine</strong></span> <span class='ocrx_word' id='word_1_272' title='bbox 677 3573 809 3627; x_wconf 78' lang='lat' dir='ltr'><strong>infamiam</strong></span> <span class='ocrx_word' id='word_1_273' title='bbox 823 3588 919 3628; x_wconf 89' lang='lat' dir='ltr'><strong>mature</strong></span> <span class='ocrx_word' id='word_1_274' title='bbox 930 3575 982 3646; x_wconf 79' lang='lat' dir='ltr'><strong>jam</strong></span> <span class='ocrx_word' id='word_1_275' title='bbox 993 3578 1096 3633; x_wconf 87' lang='lat' dir='ltr'><strong>subiisse</strong></span> <span class='ocrx_word' id='word_1_276' title='bbox 1109 3579 1183 3635; x_wconf 84' lang='lat' dir='ltr'><strong>Cleu-</strong></span> 
     </span>
    </p>

    <p class='ocr_par' dir='ltr' id='par_1_17' title="bbox 122 3647 1181 3725">
     <span class='ocr_line' id='line_1_34' title="bbox 122 3647 1181 3725; baseline 0.009 -23"><span class='ocrx_word' id='word_1_277' title='bbox 122 3649 249 3702; x_wconf 75' lang='lat' dir='ltr'><strong>Gonsuls</strong></span> <span class='ocrx_word' id='word_1_278' title='bbox 261 3647 630 3722; x_wconf 73' lang='lat' dir='ltr'><strong>Stringeuslaergojamsnslla·</strong></span> <span class='ocrx_word' id='word_1_279' title='bbox 676 3651 748 3703; x_wconf 76' lang='lat' dir='ltr'><strong>«lium</strong></span> <span class='ocrx_word' id='word_1_280' title='bbox 771 3665 893 3707; x_wconf 74' lang='lat' dir='ltr'><strong>constare</strong></span> <span class='ocrx_word' id='word_1_281' title='bbox 911 3655 1049 3722; x_wconf 86' lang='lat' dir='ltr'><strong>Suetonio,</strong></span> <span class='ocrx_word' id='word_1_282' title='bbox 1075 3657 1181 3725; x_wconf 72' lang='lat' dir='ltr'><strong>claun,</strong></span> 
     </span>
    </p>

    <p class='ocr_par' dir='ltr' id='par_1_18' title="bbox 122 3725 872 3805">
     <span class='ocr_line' id='line_1_35' title="bbox 122 3725 872 3805; baseline 0.008 -27"><span class='ocrx_word' id='word_1_283' title='bbox 122 3726 194 3778; x_wconf 87' lang='lat' dir='ltr'><strong>ruine</strong></span> <span class='ocrx_word' id='word_1_284' title='bbox 206 3725 286 3780; x_wconf 88' lang='lat' dir='ltr'><strong>multo</strong></span> <span class='ocrx_word' id='word_1_285' title='bbox 298 3739 353 3778; x_wconf 83' lang='lat' dir='ltr'><strong>ruta</strong></span> <span class='ocrx_word' id='word_1_286' title='bbox 363 3726 471 3793; x_wconf 82' lang='lat' dir='ltr'><strong>ixionis,</strong></span> <span class='ocrx_word' id='word_1_287' title='bbox 482 3745 538 3797; x_wconf 75' lang='lat' dir='ltr'><strong>quoe</strong></span> <span class='ocrx_word' id='word_1_288' title='bbox 549 3763 556 3792; x_wconf 89' lang='lat'><strong>,</strong></span> <span class='ocrx_word' id='word_1_289' title='bbox 568 3725 629 3778; x_wconf 85' lang='lat' dir='ltr'><strong>slum</strong></span> <span class='ocrx_word' id='word_1_290' title='bbox 678 3751 730 3805; x_wconf 86' lang='lat' dir='ltr'><strong>cap.</strong></span> <span class='ocrx_word' id='word_1_291' title='bbox 743 3733 767 3796; x_wconf 85' lang='lat'><strong>5,</strong></span> <span class='ocrx_word' id='word_1_292' title='bbox 779 3729 806 3797; x_wconf 79' lang='lat'><strong>³,</strong></span> <span class='ocrx_word' id='word_1_293' title='bbox 819 3731 872 3802; x_wconf 82' lang='lat'><strong>§.3.</strong></span> 
     </span>
    </p>

    <p class='ocr_par' dir='ltr' id='par_1_19' title="bbox 123 3805 1183 3884">
     <span class='ocr_line' id='line_1_36' title="bbox 123 3805 1183 3884; baseline 0.01 -27"><span class='ocrx_word' id='word_1_294' title='bbox 123 3805 233 3858; x_wconf 86' lang='lat' dir='ltr'><strong>nimium</strong></span> <span class='ocrx_word' id='word_1_295' title='bbox 244 3805 364 3859; x_wconf 77' lang='lat' dir='ltr'><strong>volubilis</strong></span> <span class='ocrx_word' id='word_1_296' title='bbox 374 3806 496 3870; x_wconf 87' lang='lat' dir='ltr'><strong>vertitur,</strong></span> <span class='ocrx_word' id='word_1_297' title='bbox 512 3805 630 3860; x_wconf 87' lang='lat' dir='ltr'><strong>miserum</strong></span> <span class='ocrx_word' id='word_1_298' title='bbox 712 3808 768 3860; x_wconf 78' lang='lat' dir='ltr'><strong>XV.</strong></span> <span class='ocrx_word' id='word_1_299' title='bbox 780 3811 853 3864; x_wconf 75' lang='lat' dir='ltr'><strong>Ano.</strong></span> <span class='ocrx_word' id='word_1_300' title='bbox 866 3811 897 3862; x_wconf 89' lang='lat' dir='ltr'><strong>Iu</strong></span> <span class='ocrx_word' id='word_1_301' title='bbox 909 3827 984 3884; x_wconf 76' lang='lat' dir='ltr'><strong>prena</strong></span> <span class='ocrx_word' id='word_1_302' title='bbox 994 3812 1103 3866; x_wconf 89' lang='lat' dir='ltr'><strong>versibus</strong></span> <span class='ocrx_word' id='word_1_303' title='bbox 1116 3815 1183 3870; x_wconf 86' lang='lat' dir='ltr'><strong>bisce</strong></span> 
     </span>
    </p>

    <p class='ocr_par' dir='ltr' id='par_1_20' title="bbox 88 3881 1186 4038">
     <span class='ocr_line' id='line_1_37' title="bbox 88 3881 1185 3944; baseline 0.008 -8"><span class='ocrx_word' id='word_1_304' title='bbox 88 3927 96 3938; x_wconf 73' lang='grc'>,</span> <span class='ocrx_word' id='word_1_305' title='bbox 125 3895 258 3936; x_wconf 89' lang='lat' dir='ltr'><strong>enecatura</strong></span> <span class='ocrx_word' id='word_1_306' title='bbox 270 3899 311 3936; x_wconf 82' lang='lat' dir='ltr'><strong>ess.</strong></span> <span class='ocrx_word' id='word_1_307' title='bbox 678 3881 941 3940; x_wconf 83' lang='lat' dir='ltr'><strong>describendaauetori</strong></span> <span class='ocrx_word' id='word_1_308' title='bbox 949 3887 1185 3944; x_wconf 82' lang='lat' dir='ltr'><strong>Danaidumesem-</strong></span> 
     </span>
     <span class='ocr_line' id='line_1_38' title="bbox 160 3960 1186 4038; baseline 0.008 -26"><span class='ocrx_word' id='word_1_309' title='bbox 160 3981 183 4013; x_wconf 78' lang='lat' dir='ltr'><strong>u.</strong></span> <span class='ocrx_word' id='word_1_310' title='bbox 206 3962 350 4014; x_wconf 81' lang='lat' dir='ltr'><strong>Veteranis.</strong></span> <span class='ocrx_word' id='word_1_311' title='bbox 368 3961 404 4014; x_wconf 86' lang='lat' dir='ltr'><strong>lli</strong></span> <span class='ocrx_word' id='word_1_312' title='bbox 420 3973 479 4014; x_wconf 88' lang='lat' dir='ltr'><strong>sunt</strong></span> <span class='ocrx_word' id='word_1_313' title='bbox 495 3960 628 4022; x_wconf 87' lang='lat' dir='ltr'><strong>Tantalus,</strong></span> <span class='ocrx_word' id='word_1_314' title='bbox 696 3963 751 4015; x_wconf 90' lang='lat' dir='ltr'><strong>lum</strong></span> <span class='ocrx_word' id='word_1_315' title='bbox 763 3960 796 4014; x_wconf 88' lang='lat' dir='ltr'><strong>ob</strong></span> <span class='ocrx_word' id='word_1_316' title='bbox 809 3963 896 4016; x_wconf 85' lang='lat' dir='ltr'><strong>oeulos</strong></span> <span class='ocrx_word' id='word_1_317' title='bbox 907 3979 1031 4018; x_wconf 78' lang='lat' dir='ltr'><strong>versutum</strong></span> <span class='ocrx_word' id='word_1_318' title='bbox 1044 3986 1094 4019; x_wconf 87' lang='lat' dir='ltr'><strong>esse</strong></span> <span class='ocrx_word' id='word_1_319' title='bbox 1105 3969 1186 4038; x_wconf 88' lang='lat' dir='ltr'><strong>quili-</strong></span> 
     </span>
    </p>

    <p class='ocr_par' dir='ltr' id='par_1_21' title="bbox 125 3983 832 4107">
     <span class='ocr_line' id='line_1_39' title="bbox 125 3983 832 4107; baseline -0.003 -18"><span class='ocrx_word' id='word_1_320' title='bbox 125 4035 251 4107; x_wconf 73' lang='lat' dir='ltr'><strong>Sisypbus</strong></span> <span class='ocrx_word' id='word_1_321' title='bbox 260 4048 284 4087; x_wconf 94' lang='lat' dir='ltr'><strong>et</strong></span> <span class='ocrx_word' id='word_1_322' title='bbox 290 4036 371 4103; x_wconf 85' lang='lat' dir='ltr'><strong>Ixion,</strong></span> <span class='ocrx_word' id='word_1_323' title='bbox 382 4035 473 4106; x_wconf 89' lang='lat' dir='ltr'><strong>quibus</strong></span> <span class='ocrx_word' id='word_1_324' title='bbox 484 4037 632 4088; x_wconf 84' lang='lat' dir='ltr'><strong>missionem</strong></span> <span class='ocrx_word' id='word_1_325' title='bbox 679 3983 722 4088; x_wconf 78' lang='lat' dir='ltr'><strong>bet</strong></span> <span class='ocrx_word' id='word_1_326' title='bbox 732 4035 832 4088; x_wconf 81' lang='lat' dir='ltr'><strong>viderit.</strong></span> 
     </span>
    </p>

    <p class='ocr_par' dir='ltr' id='par_1_22' title="bbox 127 4113 1187 4194">
     <span class='ocr_line' id='line_1_40' title="bbox 127 4113 1187 4194; baseline 0.007 -29"><span class='ocrx_word' id='word_1_327' title='bbox 127 4115 144 4166; x_wconf 84' lang='lat' dir='ltr'><strong>i.</strong></span> <span class='ocrx_word' id='word_1_328' title='bbox 161 4135 183 4166; x_wconf 93' lang='lat' dir='ltr'><strong>e.</strong></span> <span class='ocrx_word' id='word_1_329' title='bbox 201 4115 313 4186; x_wconf 86' lang='lat' dir='ltr'><strong>requiem</strong></span> <span class='ocrx_word' id='word_1_330' title='bbox 325 4115 440 4168; x_wconf 85' lang='lat' dir='ltr'><strong>laborum</strong></span> <span class='ocrx_word' id='word_1_331' title='bbox 454 4135 507 4168; x_wconf 88' lang='lat' dir='ltr'><strong>non</strong></span> <span class='ocrx_word' id='word_1_332' title='bbox 521 4115 630 4169; x_wconf 82' lang='lat' dir='ltr'><strong>dandam</strong></span> <span class='ocrx_word' id='word_1_333' title='bbox 719 4115 743 4166; x_wconf 88' lang='grc'><strong>5.</strong></span> <span class='ocrx_word' id='word_1_334' title='bbox 763 4115 791 4166; x_wconf 90' lang='lat' dir='ltr'><strong>C.</strong></span> <span class='ocrx_word' id='word_1_335' title='bbox 819 4113 917 4168; x_wconf 85' lang='lat' dir='ltr'><strong>Coesur.</strong></span> <span class='ocrx_word' id='word_1_336' title='bbox 936 4115 1037 4169; x_wconf 79' lang='lat' dir='ltr'><strong>Scilicet</strong></span> <span class='ocrx_word' id='word_1_337' title='bbox 1054 4117 1187 4194; x_wconf 84' lang='lat' dir='ltr'><strong>imperator</strong></span> 
     </span>
    </p>

    <p class='ocr_par' dir='ltr' id='par_1_23' title="bbox 126 4191 803 4265">
     <span class='ocr_line' id='line_1_41' title="bbox 126 4191 803 4265; baseline 0.006 -22"><span class='ocrx_word' id='word_1_338' title='bbox 126 4210 189 4243; x_wconf 82' lang='lat' dir='ltr'><strong>esse.</strong></span> <span class='ocrx_word' id='word_1_339' title='bbox 201 4193 298 4244; x_wconf 78' lang='lat' dir='ltr'><strong>Missio</strong></span> <span class='ocrx_word' id='word_1_340' title='bbox 308 4206 390 4246; x_wconf 85' lang='lat' dir='ltr'><strong>sutem</strong></span> <span class='ocrx_word' id='word_1_341' title='bbox 403 4206 426 4244; x_wconf 87' lang='lat' dir='ltr'><strong>et</strong></span> <span class='ocrx_word' id='word_1_342' title='bbox 436 4196 506 4246; x_wconf 78' lang='lat' dir='ltr'><strong>mitti</strong></span> <span class='ocrx_word' id='word_1_343' title='bbox 515 4212 598 4246; x_wconf 80' lang='lat' dir='ltr'><strong>arenae</strong></span> <span class='ocrx_word' id='word_1_344' title='bbox 608 4205 631 4243; x_wconf 92' lang='lat' dir='ltr'><strong>et</strong></span> <span class='ocrx_word' id='word_1_345' title='bbox 680 4191 803 4265; x_wconf 78' lang='lat' dir='ltr'><strong>Caligula.</strong></span> 
     </span>
    </p>
   </div>
   <div class='ocr_carea' id='block_1_11' title="bbox 0 0 1527 4948">
    <p class='ocr_par' dir='ltr' id='par_1_24' title="bbox 0 0 1527 4948">
     <span class='ocr_line' id='line_1_42' title="bbox 0 0 1527 4948; baseline 0 0"><span class='ocrx_word' id='word_1_346' title='bbox 0 0 1527 4948; x_wconf 95' lang='lat' dir='ltr'><strong> </strong></span> 
     </span>
    </p>
   </div>
  </div>
 </body>
</html>
