2990 4942
313 430 359 524 94
487 416 832 492 consensuro
857 417 924 486 su
949 414 1201 520 eauvmu.

315 559 379 626 fuit
388 549 788 647 indulgentiaconstricta
803 553 826 629 ¹,
840 562 877 614 ut
893 544 1006 613 urallet
1020 544 1174 614 exsilium
1188 543 1259 636 pati
1275 565 1377 635 quam

314 670 520 742 desiderium
536 689 545 734 ι
560 688 625 734 nec
637 677 717 731 ante
731 663 767 730 in
780 661 947 755 patriam,
964 683 1065 752 quam
1080 681 1156 728 cum
1174 647 1245 725 filio
1258 655 1372 726 rediit.

313 783 477 856 Eumdem
492 782 563 874 jam
581 775 763 857 reducem,
785 789 819 842 et
839 775 876 845 in
893 772 1069 867 republica
1087 771 1286 854 florentem,
1310 785 1376 838 tam

315 893 589 973 fortiteramisit‚
606 913 707 982 quam
723 903 838 956 secuta
853 902 905 954 est
922 913 930 952 ι
949 885 1205 978 necquicquam
1221 884 1377 954 lacrimas
1490 941 1491 944 ,

316 1018 389 1111 ejus
408 1026 483 1107 post
497 1008 646 1078 elatum²
667 1005 773 1074 filium
790 1003 931 1070 notavit.
951 1005 991 1069 ln
1005 1001 1143 1096 expulso
1155 1000 1314 1069 virtutem
1328 1024 1378 1068 os-
1490 983 1491 1000 ¹

317 1129 446 1211 tendit,
468 1129 503 1194 in
520 1124 641 1192 amisso
658 1117 876 1214 prudentiam
895 1144 903 1183 ι
920 1141 999 1184 nam
1015 1135 1051 1186 et
1062 1117 1149 1186 nihil
1163 1117 1254 1185 illam
1266 1139 1287 1185 a
1300 1117 1377 1210 pie-

317 1264 385 1317 tate
402 1242 593 1322 deterruit,
615 1254 650 1305 et
668 1236 756 1304 nibil
774 1236 811 1302 in
832 1233 969 1302 tristitia
985 1257 1192 1326 supervacua
1208 1233 1379 1325 stultaque

276 1395 290 1440 ⁷
317 1361 474 1433 detinuit.
497 1360 583 1428 Cum
610 1353 666 1422 bis
690 1367 723 1418 te
746 1351 919 1418 numerari
948 1349 1082 1417 feminis
1100 1349 1176 1416 volo
1198 1371 1206 1414 ε
1230 1371 1374 1440 quarum

316 1481 417 1547 vitam
441 1495 574 1566 semper
596 1469 724 1538 imitata
744 1490 804 1544 es,
829 1488 945 1534 earum
963 1465 999 1532 in
1021 1461 1209 1532 coercenda
1233 1463 1380 1557 compri-

315 1594 505 1684 mendaque
518 1583 724 1682 asgritudine
740 1583 865 1675 optime
884 1573 1061 1674 sequeris³
1083 1581 1286 1674 exemplum.
1303 1581 1380 1651 Scio

243 1702 253 1716 ’
316 1735 386 1780 rem
411 1731 479 1776 non
502 1727 575 1774 esse
603 1702 640 1768 in
658 1713 772 1767 nostra
792 1712 976 1791 potestate,
1007 1719 1072 1765 nec
1089 1697 1196 1764 ullum
1219 1697 1377 1765 affectum
1490 1713 1491 1718 ’

315 1827 462 1906 servire,
479 1821 617 1891 minime
631 1839 711 1885 vcro
722 1839 819 1895 eum,
837 1813 896 1905 qui
910 1836 951 1881 ex
965 1810 1081 1880 dolore
1091 1814 1241 1882 nascitur
1259 1840 1267 1880 ι
1283 1813 1377 1883 ferox

315 1944 428 2023 enim,
445 1954 480 2007 et
492 1935 653 2006 adversus
668 1953 767 2000 omne
783 1928 970 1998 temedium
987 1944 1164 1997 contumax
1183 1944 1245 1998 est.
1268 1929 1375 1997 Volu-

317 2081 389 2126 mus
413 2079 491 2124 eum
513 2049 649 2120 interim
680 2039 851 2115 obruere⁴
876 2059 911 2112 et
932 2042 1098 2124 devorans
1122 2044 1266 2137 gemitus
1284 2067 1293 2111 ι
1311 2068 1376 2137 per

315 2178 424 2268 ipsum
452 2188 562 2238 tamen
586 2163 805 2257 compositum
837 2154 1044 2251 fictumque⁵
1073 2160 1202 2229 vultum
1228 2161 1376 2230 lacrimae

275 2303 291 2354 s
316 2286 580 2386 profunduntur.
603 2278 710 2350 Ludis
732 2277 867 2345 interim
887 2291 946 2343 sut
966 2275 1209 2369 gladiatoribus
1225 2279 1376 2346 animum

317 2426 518 2499 occupamus
535 2415 594 2466 :at
613 2396 706 2463 illum
726 2394 817 2460 inter
830 2393 923 2486 ipsa,
941 2393 1065 2484 quibus
1078 2410 1237 2462 avocatur
1251 2385 1278 2476 ⁶,
1300 2420 1378 2489 spe-

316 2520 466 2600 ctacula,
482 2516 566 2584 levia
578 2513 692 2604 aliqua
705 2504 866 2575 desiderii
878 2521 957 2573 nota
971 2507 1105 2576 subruit
1121 2513 1145 2575 ².
1159 2507 1243 2590 Ideo
1255 2510 1378 2580 melius

316 2656 367 2708 est
395 2637 488 2706 illum
514 2636 650 2702 vincere
677 2651 777 2720 quam
809 2623 926 2692 fallere
946 2646 953 2688 :
973 2648 1051 2692 nam
1074 2626 1134 2717 qui
1155 2641 1215 2694 aut
1236 2623 1377 2698 delusus

315 2753 565 2850 voluptatibus,
581 2763 640 2816 aut
650 2740 926 2836 occupationibus
936 2739 1101 2809 abductus
1111 2758 1182 2824 est,
1201 2746 1373 2842 resurgit,

314 2888 349 2940 et
368 2872 440 2965 ipsa
454 2868 569 2960 quiete
588 2865 750 2955 impetum
773 2855 817 2924 ad
836 2853 1041 2926 saeviendum
1055 2855 1209 2950 colligit:
1230 2873 1265 2925 at
1280 2853 1378 2951 quis-

272 3037 290 3086 tt
314 2990 390 3082 quis
409 2984 530 3056 rationi
548 2981 648 3049 cessit
658 3028 669 3062 ,
691 2977 943 3067 inperpetuum
963 2974 1187 3066 componitur.
1205 2978 1280 3043 Non
1298 3001 1373 3046 sum

314 3159 438 3218 Atticum,
459 3153 586 3207 Rutiliane
599 3161 696 3202 monus
715 3145 746 3197 sit
760 3153 817 3196 aute
866 3141 984 3193 allectum
1008 3141 1076 3194 bunc
1103 3156 1146 3195 sut
1167 3145 1374 3218 occupationibus

312 3256 344 3290 en
351 3229 516 3309 postmortem
523 3229 675 3283 filiiNoster
681 3244 727 3278 nos
735 3223 817 3287 docet,
866 3231 909 3270 aut
920 3217 1102 3291 voluptatibus,
1116 3223 1230 3291 quamvis
1242 3223 1375 3277 innoeen-

314 3333 368 3366 earn
377 3309 430 3365 lilio
438 3308 603 3376 (Proconsule
614 3305 692 3359 Asirel
700 3301 818 3354 exstincto
866 3293 947 3359 tibus,
962 3295 1068 3348 delinire
1078 3296 1185 3350 velimus
1194 3340 1200 3364 ,
1209 3299 1275 3353 nibil
1288 3301 1375 3374 profi-

313 3390 386 3443 μὴ.
399 3387 546 3440 dimim,
866 3371 960 3434 eimus3
972 3373 1036 3425 redit
1048 3375 1116 3426 enim
1130 3377 1185 3445 ejus
1195 3378 1235 3430 ris
1247 3399 1253 3429 :
1266 3381 1375 3452 proinde

348 3473 372 3509 ι.
389 3454 558 3524 Indulgentio
586 3449 730 3502 constrictu.
757 3445 818 3495 hle
867 3451 963 3504 ratione
973 3471 1034 3524 opas
1044 3453 1117 3506 estad
1130 3473 1187 3507 eum
1199 3455 1365 3512 mnemdnm.

313 3531 431 3606 processit
454 3530 539 3582 metris
558 3523 734 3598 indulgentis,
761 3537 817 3592 qun
899 3531 921 3581 5,
932 3529 1093 3603 mumque·
1110 3533 1299 3588 Dumpmmem
1311 3555 1376 3590 we·

313 3613 438 3666 exsulante
461 3609 539 3672 fitis,
566 3617 653 3679 sponte
678 3600 816 3656 exsularitt
866 3626 925 3658 mm
942 3609 1057 3673 affectu,
1074 3622 1098 3661 α
1116 3611 1304 3682 quaeiugmum
1316 3615 1376 3667 mi,

312 3689 443 3742 constriets
460 3700 545 3739 tamen
567 3685 632 3748 luit,
655 3701 734 3752 quum
759 3695 815 3729 tum
865 3703 934 3736 mum
945 3684 1060 3738 sollicitet
1076 3687 1239 3742 vehementer
1249 3691 1377 3762 aegritudi-

313 3767 434 3822 smissum
447 3785 499 3817 nun
509 3763 646 3817 immodice
657 3757 765 3813 deflevit
865 3783 1065 3836 nemptonum,
1078 3765 1189 3819 letitiam
1211 3780 1235 3820 et
1254 3771 1376 3842 tranquil·
1490 3777 1491 3794 ¹

344 3843 496 3896 efflatum.
515 3841 613 3893 liberre
632 3858 680 3891 vox
705 3833 816 3890 solennis
864 3838 959 3890 litatem
971 3838 1055 3913 fingis.

311 3935 347 3974 est
360 3941 405 3994 pro
417 3940 431 3973 e
442 3922 520 3972 domo
531 3915 750 3988 adrogumfi'm·
897 3915 920 3966 6.
935 3918 1073 3971 Armatur.
1089 3920 1111 3970 A
1125 3921 1285 3988 miseriarum
1297 3945 1375 3979 sensu

344 4001 366 4050 3.
387 3998 521 4069 Sequeris.
532 3995 657 4048 Secutum
669 4011 714 4056 et,
733 3992 761 4044 in
774 3991 815 4042 fu·
865 4006 888 4046 et
899 3994 1073 4049 recordatione
1083 3998 1170 4072 procul
1180 3999 1322 4052 deducitur.

310 4086 493 4146 turotempore.
898 4091 919 4137 7.
928 4071 1046 4124 Submtr.
1064 4075 1143 4128 Modo
1162 4089 1267 4130 stantem
1290 4080 1373 4148 quatit

345 4155 368 4218 4.
387 4152 497 4205 Interim
509 4150 619 4202 obmere.
638 4147 665 4199 si
688 4145 813 4199 interdum
864 4160 888 4200 et
899 4149 993 4202 sternit.
