2976 4944
499 463 669 532 CAPUT
693 463 767 530 111.
1132 466 1173 528 25

108 617 210 684 quem
223 592 394 686 Regulum
411 595 505 661 nasci
523 592 680 676 maluisse
698 642 707 674 ‚
727 590 817 660 idem
839 591 925 674 iste,
943 605 1051 658 taceat
1067 591 1171 672 licet,

108 709 201 776 nasci
227 732 264 776 se
290 709 509 778 Terentiem¹
537 706 668 776 meluit.
695 707 786 774 Msle
807 719 986 772 tractatum
1004 706 1173 774 Socratem

104 820 262 912 judicus,
277 819 370 912 quod
383 821 475 890 illum
484 823 655 916 potionem
671 819 809 914 publice
823 821 981 902 mixtam,
996 843 1065 889 nou
1076 819 1176 889 aliter

110 958 208 1025 quam
239 932 521 1002 medicamentum
542 933 813 1006 ,immortalitatis
842 933 983 1002 obduxit
1002 938 1034 1015 ²,
1068 949 1103 1000 et
1132 931 1176 1000 de

110 1064 217 1116 morte
235 1047 421 1142 disputavit
437 1073 545 1142 usque
561 1048 605 1116 nd
623 1050 730 1142 ipsam
744 1043 755 1084 ³
771 1051 785 1116 Ρ
798 1048 885 1118 male
899 1073 976 1118 cum
992 1049 1051 1118 illo
1064 1065 1175 1118 actum

109 1179 182 1246 est,
202 1165 296 1256 quod
315 1167 446 1260 gelatus
463 1181 515 1234 est
536 1168 695 1260 sanguis,
723 1189 764 1234 sc
788 1166 949 1258 paulatim
974 1167 1102 1261 frigore
1121 1168 1176 1236 iu·

109 1276 212 1348 ducto
228 1305 393 1350 venarum
410 1282 509 1376 vigor
525 1276 699 1350 constitit⁴
714 1283 729 1348 Ρ
744 1281 881 1374 Quanto
900 1283 1008 1376 magis
1025 1283 1108 1350 huic
1121 1283 1172 1350 iu·
1205 1301 1230 1334 ¹·

108 1393 295 1466 videndum
314 1414 383 1479 est,
409 1422 510 1490 quam
534 1398 602 1466 illis
622 1397 747 1490 quibus
771 1423 903 1491 gemme
929 1391 1175 1481 ⁵miuistretur,

109 1513 235 1604 quibus
257 1514 409 1582 exoletus
425 1515 535 1582 omnis
558 1515 630 1608 pati
651 1511 769 1584 doctus
782 1507 809 1595 ⁶,
831 1532 971 1584 exsectus
987 1516 1175 1599 virilitatis,

108 1641 167 1693 aut
184 1625 299 1698 dubiae
310 1633 336 1709 ἵ,
355 1651 549 1720 suspensam
563 1653 646 1698 euro
661 1631 773 1700 nivem
788 1623 909 1699 ιὶίὶιιὶῑ8
926 1632 996 1700 iHi
1011 1627 1180 1724 quidquid

109 1739 285 1823 biberint,
305 1745 434 1812 vomitu
450 1745 672 1812 remetientur
687 1747 817 1826 tristes,
840 1761 874 1812 et
891 1745 994 1813 bilem
1013 1769 1106 1814 susm
1121 1769 1178 1813 re-

110 1869 286 1948 gustsutes
300 1860 334 1942 ⁹3
361 1872 396 1924 at
419 1856 500 1940 ille,
521 1881 690 1926 venenum
715 1859 812 1927 lsetus
836 1876 871 1928 et
893 1859 1003 1928 libens
1029 1860 1175 1928 hauriet.

107 2048 322 2117 frequentissimi,
334 2048 417 2101 aliove
429 2050 523 2114 modo,
538 2049 621 2122 previ·
669 2051 716 2104 bus
727 2072 785 2104 vasa
796 2074 809 2105 e
820 2073 919 2126 gemme
932 2057 995 2107 iacta
1007 2057 1017 2122 (
1023 2057 1054 2109 de
1068 2055 1179 2110 Beuelic.

108 2137 144 2176 tas
163 2144 258 2198 magna
277 2124 416 2178 bumauutu
430 2145 510 2200 genus
531 2127 621 2180 invasit
667 2126 713 2181 lib.
725 2130 790 2192 Vll,
811 2149 900 2203 capp.
914 2133 968 2185 Cic.
984 2135 1050 2186 Vcrr
1075 2133 1177 2201 liblV,

107 2213 184 2272 atquc
195 2215 281 2264 teuet;
295 2223 349 2254 uou
363 2203 396 2256 ita
408 2216 476 2260 tenet
489 2217 582 2266 tamen,
593 2217 621 2256 ut
668 2225 722 2278 cap.
734 2226 764 2276 ap
775 2226 782 2259 ε
793 2208 863 2260 «Vas
872 2209 1001 2262 vinarium
1013 2229 1042 2262 er
1051 2231 1102 2264 uua
1113 2231 1179 2284 gem·

108 2279 217 2331 dubium
230 2279 263 2332 sit
270 2299 302 2331 au
314 2279 399 2353 plures
410 2279 502 2352 Reguli
514 2283 563 2334 lata
573 2281 620 2334 ad·
668 2302 710 2333 ma
724 2281 766 2335 vel
785 2284 915 2356 egemmis
934 2289 1131 2362 praegrandibus.
1146 2295 1178 2357 »)

107 2375 189 2421 tersa,
203 2357 433 2426 quamlilaeceuetis
444 2358 619 2430 optimcaute-
668 2357 794 2412 ministrat
810 2380 901 2414 servus.
924 2363 1002 2436 Epist.
1025 2367 1064 2434 78.
1083 2367 1178 2435 Qurest.

107 2433 206 2498 ferant,
218 2433 268 2486 boc
280 2447 317 2486 est
328 2473 336 2500 ‚
348 2435 483 2488 certissime
496 2437 619 2509 plerisque
669 2438 727 2491 Nat.
737 2437 780 2490 lib.
791 2440 838 2504 lv,
852 2458 905 2514 esp.
920 2441 957 2493 13.

107 2511 189 2584 magis
201 2509 312 2583 placebit
327 2511 455 2584 Regulum
473 2531 525 2564 esse
543 2533 619 2584 quem
702 2515 727 2568 b.
745 2515 877 2570 Exoletus
899 2521 989 2570 omnio
1005 2521 1067 2588 pati
1081 2521 1180 2572 doctus,

107 2587 283 2642 Mecenstem.
672 2593 744 2646 Servi
755 2595 929 2647 formosissimi
947 2607 970 2647 et
987 2617 1016 2650 cx
1030 2617 1118 2650 eorum
1133 2618 1180 2650 uu·

144 2699 164 2732 1,
177 2677 343 2745 Tamum,
358 2699 460 2734 mm„
477 2681 622 2737 Memmii,
670 2693 740 2725 mero
752 2673 796 2744 qui
810 2671 843 2725 ob
855 2672 1018 2726 muliebrium
1034 2674 1179 2746 patientiam

106 2772 181 2828 supra
189 2757 621 2817 memoratamfloratiodicumLi.
671 2750 760 2803 exoleti
781 2751 986 2824 appellabantur,
1005 2751 1181 2807 ministrabant

105 2831 256 2902 cymbiam,
269 2833 361 2887 coevis
370 2835 451 2906 poetis
461 2836 549 2889 usitata
558 2839 623 2890 isel-
670 2829 699 2882 in
709 2828 832 2881 conviviis
843 2866 850 2893 ,
861 2829 914 2881 sive
925 2828 984 2880 vina
995 2841 1020 2880 et
1030 2828 1117 2902 depes,
1126 2829 1180 2882 sive

107 2913 177 2978 ὶιηῇ,
187 2929 241 2961 csse
250 2911 342 2962 maluit
348 2910 380 2961 ob
390 2911 532 2966 mollitiem.
543 2915 622 2968 Pom
671 2929 728 2981 quse
738 2909 942 2962 accumbentibus
954 2908 1091 2962 necessarie
1102 2921 1180 2964 eraut,

106 2986 232 3037 existimat
239 2987 331 3040 Noster
350 2977 459 3060 pejorem
476 2991 550 3044 etiam
561 2993 623 3046 Mae·
670 2985 831 3038 Manlii-llb-
840 2987 891 3048 lll.
904 2985 992 3057 Epigr·
1002 3000 1090 3037 mxl!
1099 3003 1106 3038 ε
1116 3009 1129 3033 s
1138 2985 1181 3040 Je-

104 3077 194 3116 temate
222 3065 340 3118 semiviro
359 3065 533 3120 mulierculam
551 3082 621 3131 ‚tam
671 3077 709 3117 cet
732 3076 852 3134 occupato
875 3063 1018 3134 galbinatus
1042 3063 1070 3116 iu
1094 3062 1178 3127 lecto,

104 3142 176 3210 quod
189 3142 423 3196 iulamisadulterio
432 3145 564 3218 principali
578 3146 621 3198 ills
672 3143 818 3214 Cubitisque
837 3143 916 3196 trudit
927 3142 988 3197 binc
1001 3157 1025 3196 ct
1041 3143 1101 3196 iude
1118 3164 1180 3196 cou-

103 3219 153 3282 sit,
167 3239 246 3288 quam
262 3220 331 3288 quod
338 3220 455 3273 mulieres
462 3223 533 3295 parvi
540 3226 620 3278 lacere
669 3221 747 3287 viras,
758 3220 867 3272 Ell'ultus
874 3233 950 3288 ostro,
958 3220 1093 3292 sericisque
1100 3221 1181 3289 pulvi·

103 3297 218 3362 affectet,
227 3309 254 3348 ut
263 3297 374 3370 plerique
386 3299 501 3365 Veteres,
516 3301 619 3358 Seuere.
668 3299 715 3352 uis.
738 3299 794 3351 Stat
812 3299 936 3361 exoletus,
956 3299 1117 3371 suggeritque
1137 3318 1180 3351 ru-

137 3397 161 3428 a.
176 3377 310 3432 Obduxie.
330 3378 401 3432 ldcm
422 3381 474 3432 lere
494 3381 618 3452 estquod
667 3375 745 3428 etauti
759 3376 855 3430 Pinnas
865 3375 998 3440 rubentes,
1017 3375 1181 3447 cuspidesque

102 3456 203 3518 duxit,
219 3476 281 3528 ergo
292 3456 362 3527 quod
371 3457 450 3521 stom
464 3477 524 3514 uem
532 3461 622 3512 desem
669 3453 803 3508 lentisci.»

103 3537 240 3600 potcbmm
253 3535 388 3608 saepissime
402 3535 501 3588 dicitur.
703 3553 725 3600 7.
736 3533 793 3584 Aut
803 3534 900 3586 desbioe.
913 3530 955 3583 Ob
967 3529 1108 3584 mollitiem.

139 3611 164 3664 ³.
180 3611 272 3681 Usque
282 3614 323 3664 ad
331 3615 427 3680 ipsam.
437 3613 528 3665 Donec
539 3631 621 3666 more·
701 3610 724 3662 8.
739 3609 832 3662 Nioem
843 3611 928 3660 diluit.
939 3608 990 3662 Nix
999 3607 1141 3660 diluebatur
1152 3608 1179 3660 iu

104 3700 182 3742 retur.
207 3689 288 3760 Cujus
317 3689 494 3762 disputationis
515 3689 619 3744 collecte
668 3687 834 3751 triclinio,ut
845 3686 954 3760 frigidos
962 3698 1060 3740 tantum
1071 3684 1180 3754 liquores

104 3765 182 3818 verba
194 3765 275 3820 edidit
286 3767 360 3820 Plato
374 3768 403 3820 iu
417 3767 556 3821 Pbaedone.
671 3764 816 3832 ebiberent,
837 3766 902 3817 sacci
925 3763 1081 3817 adminiculo
1103 3784 1179 3834 quem

140 3846 163 3906 4.
182 3842 266 3913 Quod
278 3847 384 3913 gelatus
402 3855 443 3897 est
457 3849 568 3916 suingeis
570 3882 621 3898 ......
670 3862 769 3896 saccum
793 3843 920 3896 nivarium
943 3839 1131 3910 nominabant,
1156 3854 1181 3894 et

102 3925 244 3977 emotis?
257 3921 425 3974 Adventautis
433 3922 521 3974 mortis
529 3923 622 3992 gradus
671 3921 741 3992 cujus
759 3920 787 3972 iu
799 3919 884 3974 medio
897 3918 993 3991 pruinis
1007 3918 1084 3970 cincti
1094 3917 1180 3970 labeu-

103 3998 142 4051 sie
155 4017 257 4070 qnoque
273 3997 393 4052 describit
404 3998 494 4064 Plato,
510 3998 536 4050 iu
546 3998 622 4052 Pbae-
671 3999 705 4052 tia
717 3999 777 4052 vina
789 3999 869 4072 frigus
881 3996 1068 4050 coutrabebaut.

106 4075 388 4150 dou.pag.ali⁴.'l'om.
401 4076 420 4126 l.
433 4076 490 4148 Rip.
704 4097 728 4146 9.
746 4075 788 4128 Hi
802 4077 933 4146 quidquid
933 4109 988 4126 .......
998 4082 1181 4142 ,regusluuten

140 4157 161 4206 5.
181 4155 290 4226 Quanto
302 4157 433 4224 magian,
448 4157 622 4208 ministratur.
672 4153 759 4222 Quum
768 4153 905 4205 immodice
913 4151 1034 4215 biberint,
1046 4163 1179 4216 evomunt,

106 4231 622 4303 Diviteseosqueluxuriososdicit‚qui-
672 4233 768 4285 vomitu
797 4231 920 4304 ejiciunt,
949 4243 994 4284 etc.
1021 4228 1098 4306 Epist.
1123 4231 1182 4298 95:
