2954 4926
344 509 439 575 LIB.
467 508 542 594 VI,
566 509 675 576 CAP.
703 509 885 579 XXXII.
1083 515 1150 582 625

79 623 183 709 nemo
200 640 285 722 tuit,
310 641 369 732 qui
386 661 504 708 verum
522 637 652 707 diceret
666 640 740 732 regi
751 689 760 726 ,
773 640 839 706 nisi
857 638 917 731 qui
935 632 1153 714 nondicebat

81 758 149 826 sibi
163 759 199 826 ¹?

132 873 282 943 XXXII.
296 873 403 942 Divus
413 871 586 965 Augustus
597 871 700 939 filiam
716 869 804 939 ultra
816 871 1036 965 impudicitiae
1051 876 1154 945 male-

82 969 227 1060 dictum²
236 987 441 1086 impudicam
453 988 629 1082 relegavit,
642 1003 677 1056 et
685 988 815 1082 flagitia
825 989 1026 1082 Principalis
1035 989 1154 1063 domus

82 1107 122 1173 in
132 1104 306 1198 publicum
320 1103 432 1172 emisit
449 1129 457 1168 ι
473 1103 635 1173 admissos
645 1105 811 1198 gregatim
824 1097 1023 1204 adulteros³‚
1036 1133 1154 1200 perer-

81 1237 191 1289 ratam
204 1219 379 1288 nocturnis
391 1218 690 1288 comessationibus
708 1219 897 1303 civitatem,
914 1222 1025 1291 forum
1042 1225 1154 1318 ipsum

80 1361 124 1404 ac
139 1350 267 1416 rostra,
295 1357 337 1400 cx
357 1333 482 1426 quibus
500 1349 598 1426 pater
615 1335 727 1428 legem
746 1335 788 1403 de
808 1334 985 1406 adulteriis
1006 1338 1151 1423 tulerat,

82 1453 165 1522 filiae
178 1453 215 1518 in
229 1467 346 1544 stupra
358 1445 545 1544 placuisse,
564 1451 798 1543 quotidianum
811 1450 855 1520 ad
866 1448 1056 1547 Marsyaml
1070 1481 1155 1525 con-

80 1590 238 1647 cursum,
270 1588 374 1656 quum
395 1587 434 1630 ex
453 1562 609 1632 adultera
635 1568 673 1632 in
698 1569 931 1657 quaestuariam
950 1592 1072 1654 versa,
1097 1571 1154 1664 jus

80 1685 193 1752 omnis
208 1682 353 1751 licentias
367 1680 430 1749 sub
448 1682 565 1775 ignoto
578 1680 732 1751 adultero
747 1700 891 1780 peteret.
907 1689 988 1755 Haec
1002 1705 1069 1757 tam
1082 1691 1155 1759 vin·
1179 1713 1194 1746 ²

80 1793 252 1869 dicanda⁵
271 1799 423 1891 Principi
448 1781 550 1889 ¹quam
569 1799 731 1884 tacenda,
753 1803 833 1892 quia
856 1803 1078 1895 quarumdam
1094 1829 1154 1874 re-

51 1977 53 1980 .
81 1941 161 1984 rum
173 1913 348 2008 turpitudo
361 1914 462 1982 etiam
477 1895 520 1980 ad
531 1912 759 1984 vindicantem
770 1912 890 2002 redit⁵,
905 1942 1025 2012 parum
1035 1935 1154 2014 potens

80 2159 251 2231 adspersisset.
265 2157 408 2212 Artabanus
428 2157 497 2209 enirn
518 2155 595 2208 Xerxi
643 2160 713 2222 sier,
731 2155 850 2212 Histoire
868 2163 913 2223 des
928 2159 1087 2230 Empereurs
1106 2183 1155 2216 ro-

81 2257 173 2292 verum
183 2237 291 2304 dixerat,
311 2249 413 2311 patruus
433 2235 508 2307 ejus,
529 2234 596 2288 male
642 2240 748 2302 mins,
767 2249 814 2290 etc.
837 2237 888 2290 Via
908 2240 953 2290 des
971 2239 1155 2308 Impe'rotrsirea

80 2329 171 2370 tamen
183 2314 214 2368 ab
225 2336 255 2369 eo
268 2328 399 2390 propteree
413 2328 535 2387 exceptus.
644 2316 789 2380 mmoines,
806 2315 833 2366 in
848 2314 928 2367 Livia.
944 2316 1053 2388 Egregie
1069 2328 1154 2370 tamen

121 2415 143 2448 1.
159 2394 216 2465 Qui
224 2413 275 2447 non
290 2393 392 2447 dicebat
402 2393 461 2446 sibi·
476 2392 596 2445 Gruterus
643 2389 740 2442 lulium
752 2389 784 2442 ab
796 2390 944 2444 criminibus
956 2391 1008 2444 istis
1019 2391 1154 2447 liberatum

82 2472 184 2528 invenit
201 2471 257 2526 bec
276 2472 351 2525 verba
370 2470 398 2523 in
416 2468 487 2523 libris
500 2469 551 2521 suis
564 2486 595 2522 :a
644 2469 692 2520 ivit
706 2467 882 2523 celeberrimus
898 2470 1033 2524 Wietand
1047 2471 1076 2524 in
1087 2471 1154 2546 Opp.

82 2551 163 2624 Lipsii
175 2548 249 2603 codd.
258 2545 458 2621 aberatnegmtio.
468 2547 503 2600 Es
511 2544 595 2599 abesse
643 2547 691 2599 To.
701 2547 787 2600 xxlv
797 2569 839 2619 ,p.
849 2547 898 2600 338
909 2567 946 2617 sq.
957 2547 1001 2618 qui
1008 2547 1084 2620 bujus
1091 2548 1152 2616 loci,

81 2640 171 2702 potest
183 2629 333 2680 Demaratus
351 2626 419 2678 enim
433 2637 458 2678 ct
473 2644 545 2677 suurn
554 2624 594 2696 ip·
643 2637 728 2698 utpote
742 2625 769 2678 in
782 2624 829 2678 bac
844 2646 871 2678 re
888 2624 1002 2690 classici,
1025 2645 1080 2678 nou
1097 2626 1154 2680 irn-

80 2705 309 2761 sius'commotlnrn
321 2704 368 2756 bac
380 2701 536 2776 expeditione
549 2723 595 2754 eu·
643 2721 741 2754 memor
751 2700 798 2754 fnit
807 2723 831 2772 p.
843 2702 891 2770 370
903 2721 940 2772 sq.
956 2704 1084 2774 Augustus
1097 2721 1152 2756 eam

81 2788 166 2852 ravit,
179 2784 345 2858 quodvitlere
358 2783 417 2836 licet
430 2804 458 2836 ex
471 2781 592 2836 Herodot.
642 2779 763 2854 relegarit
782 2778 810 2832 in
837 2779 945 2832 insulam
972 2779 1152 2835 Pandatariam

80 2865 151 2931 vll,
178 2862 235 2917 235.
259 2861 409 2915 Vincentius
430 2873 513 2912 tamen
533 2857 593 2911 bell.
642 2857 1152 2930 nunc(Sento-Morio)jurtains.AEna·

79 2941 190 3016 Speosli
197 2937 332 2993 historialis
339 2939 386 3005 IV,
394 2935 426 2990 38
433 2935 592 3008 negationem
642 2936 707 2988 marn
723 2955 743 2988 s.
756 2935 914 2990 Pithecusam
923 2935 1114 3003 (nunclscht'a)
1126 2956 1150 2991 a.

82 3019 184 3083 tenuit,
195 3016 309 3092 prebens
321 3035 327 3070 :
338 3019 393 3068 nisi
401 3016 593 3085 qutmnsaoe-
642 3014 675 3066 U.
685 3017 741 3084 7⁵²·
754 3013 847 3068 deinde
855 3012 997 3086 Rhegium,
1006 3011 1051 3066 nbi
1063 3013 1149 3068 inedia

81 3099 131 3152 bat
142 3098 203 3150 sibi.
211 3121 244 3136 ···
256 3094 311 3166 Qui
320 3114 404 3147 mn...
416 3095 476 3146 sibi.
485 3093 505 3144 1.
515 3113 536 3144 e.
547 3111 592 3145 suo
641 3090 720 3144 vitam
741 3089 815 3145 linire
831 3104 916 3144 coacto
928 3091 975 3144 l'uit
986 3111 1001 3144 a
1012 3090 1115 3144 Tiberio
1126 3113 1150 3146 a.

80 3173 238 3238 commosin
258 3171 328 3243 cujus
348 3169 454 3224 minime
476 3169 593 3223 intererat
641 3169 676 3221 U.
693 3169 747 3237 768.
761 3169 800 3222 Εἰ.
812 3169 895 3222 Taciti
906 3168 1024 3222 Annall
1035 3210 1043 3234 ‚
1057 3169 1099 3222 63.

80 3252 197 3306 victorne
208 3271 242 3304 an
253 3249 333 3303 victus
345 3259 407 3302 esset
416 3247 516 3300 Xerxes.
672 3245 697 3311 4.
710 3246 759 3297 Aa
774 3245 917 3314 Marsyam
929 3266 937 3300 .·
948 3246 1018 3316 cujus
1028 3257 1108 3300 statua
1120 3247 1148 3299 in

115 3329 223 3382 xxxn.
233 3329 306 3380 Aac.
319 3327 374 3398 lpse
386 3326 517 3396 Angustus
527 3343 592 3396 pro·
640 3324 696 3375 foro
714 3335 779 3386 erat,
793 3335 816 3374 et
827 3323 860 3375 ael
877 3343 932 3376 earn
945 3322 1056 3376 tribunal
1067 3360 1075 3388 ,
1088 3344 1147 3378 eum

80 3405 215 3482 positionis
228 3404 303 3476 buius
315 3402 446 3456 veritatem
458 3413 567 3454 testatur.
641 3398 761 3472 Apolline
777 3399 812 3452 ita
824 3400 924 3470 juncta,
936 3412 965 3454 ut
974 3401 1087 3474 Marsyas
1099 3422 1147 3456 su-

116 3503 139 3535 s.
148 3481 404 3550 Ultros'mpudr'cr'tioe
415 3479 590 3532 maledictum.
640 3477 751 3551 perbiam
762 3489 948 3549 representaret
957 3477 989 3530 ab
1004 3478 1123 3552 Apolline
1136 3519 1144 3547 ,

79 3560 126 3612 Sic
136 3559 226 3632 optimi
240 3557 333 3621 codd..
349 3555 410 3608 Nae.
421 3554 478 3608 col.
494 3566 519 3605 et
529 3552 591 3604 Era·
639 3568 667 3608 ut
682 3554 767 3608 fabula
780 3567 840 3608 nota
857 3555 1146 3629 reiert.punitam·1.a·

77 3629 590 3711 sunici,probantibusLipsioetGronovio.
637 3633 908 3686 scivornmconventus
916 3631 1145 3686 ibiluisseeonstat.

78 3718 264 3770 Antoniano
273 3715 413 3784 pudicitur.
635 3710 679 3776 *ct
693 3710 1143 3769 ntehmodflonssermffou.
1199 3739 1200 3744 =
1286 3746 1293 3764 .

110 3793 138 3851 5.
149 3794 289 3845 Adrnissos
297 3792 426 3859 gngou'm
436 3789 567 3840 mutum
580 3822 588 3850 ,
638 3807 661 3858 p.
673 3807 722 3860 sap
732 3787 840 3841 version.
849 3786 961 3841 theotisc.
969 3825 977 3851 ,
985 3800 1010 3840 et
1017 3786 1146 3860 Baetiger

80 3882 128 3922 ete·
144 3871 195 3922 Res
210 3867 347 3922 loedissima
362 3865 461 3940 publico
476 3865 538 3918 adeo
552 3876 589 3916 te·
637 3865 664 3918 in
675 3865 758 3918 Musei
768 3865 837 3918 attici
849 3866 877 3928 1,
891 3886 939 3939 ap.
950 3865 999 3919 330
1008 3885 1046 3938 sq.

78 3945 202 4000 stimonio
214 3942 421 4000 confirmabatur:
430 3944 588 4011 Questorem
670 3946 693 3996 5.
706 3941 772 3995 Hoee
781 3952 836 3995 tom
845 3945 1011 3998 vindicando.
1026 3945 1069 3998 Sic
1081 3946 1144 4019 opti·

79 4026 153 4079 enim
169 4025 198 4080 in
215 4025 311 4078 Senatu
321 4022 414 4076 litteras
429 4021 460 4075 ab
473 4021 588 4095 Augusto
637 4020 673 4073 mi
691 4020 780 4086 codd..
801 4041 880 4090 quum
890 4017 1004 4074 Muretus
1015 4022 1143 4079 dedisset:

79 4102 115 4156 atl
132 4101 249 4157 eumdem
261 4101 362 4174 scriptas
377 4099 490 4154 recitasse
502 4101 550 4152 lert
565 4110 590 4152 et
637 4097 705 4151 Hac
715 4119 766 4152 non
776 4106 833 4152 lom
843 4101 1013 4152 oindtanda.

79 4193 167 4234 noster
177 4194 201 4234 et
209 4181 314 4235 Sueten.
326 4181 415 4234 Oetae.
424 4178 465 4232 65.
474 4176 542 4231 Plin.
554 4177 588 4231 H.
670 4177 695 4230 6.
720 4177 792 4248 Quia
811 4181 1047 4250 quorumdam......‹
1057 4183 1142 4234 redit:

80 4260 117 4312 N.
125 4259 189 4314 nl
199 4295 207 4322 ‚
219 4256 314 4319 trid.
325 4279 339 4312 e
352 4255 511 4310 Nostratibus
525 4256 591 4310 Cre'-
638 4267 750 4328 spectant
759 4255 852 4325 bsecatl
860 4257 969 4310 menide
975 4256 1143 4312 solummodo.

204 4355 249 4422 Π.
950 4353 996 4438 io
