2978 4942
299 487 365 556 500
644 473 709 552 DE
733 480 1037 553 BENEFICIIS

347 618 474 686 XXIV.
492 615 786 708 Quemadmodum
801 595 1011 709 haeetquum
1028 619 1174 711 primum
1189 641 1287 686 usum
1308 607 1370 684 lra-

300 735 424 816 beam,
441 749 476 803 et
492 733 682 802 neceesarie
698 733 903 832 yitelieque’
918 737 999 816 sint,
1019 735 1173 827 majestas
1185 751 1299 803 tamen
1313 759 1369 802 eo·

301 875 374 919 rum
387 865 488 918 totam
500 865 645 918 mentem
656 864 798 942 occupat
811 875 819 915 ι
832 850 879 918 ita
894 851 1135 935 omniovirtus,
1152 867 1187 918 et
1202 853 1237 917 in
1253 851 1372 942 primis

300 965 389 1056 grati
406 963 538 1043 animi,
560 963 700 1031 multum
726 963 865 1055 quidem
889 981 1047 1058 prmum,
1069 964 1129 1032 sed
1147 989 1216 1032 non
1237 963 1312 1032 vult
1329 963 1371 1030 ob

299 1081 365 1151 hoo
378 1081 477 1174 diligi
495 1106 503 1147 ι
519 1078 664 1174 emplius
679 1077 843 1171 quiddam
858 1081 893 1147 io
912 1105 948 1148 se
963 1081 1087 1160 habet,
1104 1103 1168 1149 nec
1180 1081 1261 1148 setis
1274 1079 1319 1147 ab
1332 1103 1371 1147 eo

300 1197 521 1290 intelligitur,
546 1221 567 1264 a
589 1219 658 1288 quo
686 1196 777 1262 inter
808 1195 906 1264 utilia
929 1214 1139 1266 numeretur.
1169 1198 1298 1264 Gmtus
1323 1211 1371 1263 eet

299 1312 381 1404 quio
394 1309 530 1404 expedit
542 1310 653 1402 Pergo
665 1323 700 1376 et
714 1323 876 1400 quantum
895 1307 1045 1402 expedit.
1065 1313 1141 1377 Non
1155 1310 1281 1401 recipit
1300 1333 1372 1375 sor-

300 1415 438 1494 didum³
450 1424 558 1494 virtus
571 1440 754 1492 amatorem
768 1449 775 1490 :
791 1422 900 1491 soluto
915 1423 959 1492 od
972 1422 1063 1492 illem
1076 1424 1154 1490 sinu
1163 1419 1372 1491 veniendum

299 1559 362 1612 est.
383 1544 542 1636 ingratus
559 1541 625 1609 hoo
644 1541 770 1634 cogitet
788 1569 795 1608 :
813 1540 973 1609 Volebam
991 1542 1131 1635 gratiam
1146 1540 1291 1624 referre,
1314 1541 1372 1608 sed

300 1662 401 1728 timeo
416 1659 620 1752 impensum,
637 1659 738 1726 timeo
754 1658 964 1750 periculum,
984 1681 1106 1726 vereor
1118 1657 1281 1726 offensam
1300 1685 1308 1724 :
1326 1661 1374 1726 fe-

300 1779 387 1848 cium
413 1777 528 1871 potius
553 1773 647 1867 quod
666 1775 814 1868 expedit.
847 1778 923 1843 Non
953 1792 1063 1870 potest
1088 1774 1204 1844 eedem
1232 1779 1375 1847 ratioet
1475 1845 1476 1854 ,

300 1910 433 1990 gratum
453 1893 583 1973 fecere,
603 1907 638 1959 et
659 1893 843 1986 ingr-otum.
862 1895 907 1962 Ut
926 1891 1060 1961 diversa
1080 1893 1217 1962 illorum
1238 1918 1371 1988 opere,
1475 1869 1476 1886 χ

300 2005 634 2078 itaintereediverea
642 2009 815 2101 proposita
825 2025 915 2077 eunt.
926 1991 993 2077 'lue
1005 2011 1160 2103 ingratus
1170 2025 1234 2090 est,
1250 2033 1375 2102 quam-

298 2127 350 2196 vio
366 2149 435 2193 non
449 2141 602 2217 oporteat
612 2117 641 2209 ⁴,
657 2125 738 2217 quia
751 2123 887 2218 expedit
902 2153 909 2191 :
925 2126 984 2193 hic
998 2141 1115 2220 gratus
1128 2142 1199 2208 est,
1219 2131 1376 2219 quamvis
1476 2119 1477 2168 ³

301 2266 369 2312 non
386 2237 562 2335 expediet,
583 2241 664 2335 quio
684 2258 828 2334 oportet.

349 2359 456 2428 XXV.
470 2359 681 2452 Propositum
694 2373 743 2425 eut
758 2351 879 2426 nobie⁵
895 2357 1081 2426 secundum
1093 2383 1207 2427 rerum
1219 2377 1377 2428 naturam

300 2479 432 2558 vivere,
449 2491 483 2544 et
497 2475 637 2572 deorum
654 2475 843 2568 exemplum
859 2477 955 2567 sequi
975 2503 982 2544 ι
1000 2475 1048 2544 dii
1062 2492 1176 2544 autem
1190 2477 1378 2568 quodcum·

300 2613 367 2682 que
386 2589 534 2674 faciunt,
555 2591 591 2657 in
611 2613 652 2657 eo
673 2586 757 2680 quid
775 2604 897 2680 praeter
916 2590 1023 2682 ipsum
1041 2587 1188 2658 faciendi
1207 2591 1376 2660 rationem
1477 2581 1478 2588 ἵ

301 2706 517 2800 sequuntur?
530 2704 596 2772 nisi
612 2703 698 2774 lorte
711 2705 880 2773 existimor
892 2703 967 2772 illos
981 2704 1126 2774 lructum
1140 2728 1285 2798 operum
1298 2731 1378 2774 euo-

335 2921 812 2976 XXlVXmAEnotecrtleotisirni·
896 2921 920 2972 5.
945 2917 1036 2974 Nobis.
1063 2919 1163 2973 Stoicis.
1187 2923 1255 2974 Nem
1277 2943 1377 2996 semper

303 2999 426 3064 titudine,
439 2998 568 3052 concludit
580 2999 695 3051 animum
713 3011 812 3070 gratum
862 3014 920 3049 rum
931 2997 1059 3069 Epicureis
1072 2998 1316 3054 seneeaeeonuntio
1329 3015 1375 3064 est,

304 3097 355 3130 esse
365 3075 574 3146 quidemutilem‚
586 3075 629 3128 secl
639 3095 684 3150 per
693 3095 719 3128 se
729 3087 813 3127 temen
862 3073 955 3147 quippe
978 3075 1021 3144 qui
1043 3075 1176 3129 utilitatem
1199 3078 1227 3130 in
1256 3080 1376 3131 omuibus

304 3153 540 3226 jemerpcteudum.
862 3163 986 3220 querunt.
1006 3151 1131 3204 Ceterum
1155 3152 1249 3227 dogma
1270 3155 1321 3208 lroe
1340 3169 1376 3208 est

342 3251 362 3284 ι.
373 3229 664 3301 Quemadmodumlme
671 3249 760 3297 quum.
771 3229 813 3282 Sc.
863 3242 1011 3302 perpetuum
1023 3242 1046 3282 et
1060 3230 1212 3305 principium
1229 3233 1375 3286 Stoicorum

305 3309 339 3361 Ut
349 3308 403 3362 hec
416 3320 493 3371 nstra,
506 3308 551 3361 etsi
565 3307 688 3381 primum,
702 3321 747 3360 etc.
863 3305 924 3358 iude
941 3326 955 3358 ι
968 3305 1099 3358 Cleanthis
1114 3319 1139 3358 et
1154 3307 1289 3382 Chrysippi
1306 3323 1376 3362 tem-

342 3409 363 3441 r.
386 3387 547 3454 Vilolae'apue.
569 3385 654 3437 Vitem
677 3385 758 3449 dent,
782 3385 814 3438 etl
863 3400 938 3454 pore,
951 3383 1091 3435 secundum
1102 3403 1186 3436 rerum
1197 3398 1316 3438 asturem
1330 3388 1376 3440 vi·

307 3464 426 3516 tuendam
438 3481 492 3516 esso
502 3462 603 3515 fueraut.
864 3481 921 3513 erc
932 3474 1061 3531 oportere
1074 3464 1138 3525 ια’λις
1155 3464 1230 3528 Uim
1244 3467 1329 3518 ello
1288 3469 1375 3535 ιολσ-μι

340 3541 524 3595 &Sordidum
537 3539 685 3608 Quirinum
696 3559 786 3602 suurn
801 3561 814 3592 e
864 3543 944 3628 γον7ιιί
945 3539 1095 3611 σςσῇφῦσιι
1062 3548 1161 3611 σιιζῇι.
1173 3543 1287 3596 Zenonis
1304 3545 1375 3618 prio·

307 3639 358 3691 quo
378 3618 445 3672 (lona
465 3631 632 3690 promuntur,
651 3617 814 3690 comprimit.
865 3616 1041 3689 cipiumerrt:
1053 3621 1103 3669 oo
1091 3619 1317 3692 ὅσμλογσυρίιαςζῇ
1317 3623 1377 3684 ι,ιί·

308 3697 435 3772 oppositus
446 3694 497 3760 illi,
517 3695 562 3766 qui
578 3693 698 3748 solutoi.
713 3705 815 3766 operto,
865 3695 1071 3750 vesharmonice.
1083 3697 1374 3770 llotpurumlormele,

308 3778 341 3830 ad
351 3775 466 3828 dandum
476 3787 561 3848 persto
573 3773 592 3826 si
586 3793 621 3825 ιιιι
613 3795 644 3839 ιι,
654 3772 711 3824 luo
723 3774 818 3838 (inter
866 3771 934 3844 quod
948 3793 1016 3826 nunc
1030 3774 1114 3839 aiunt,
1133 3787 1264 3828 muuruot
1274 3777 1376 3830 Clean-

309 3865 377 3926 prets
386 3849 502 3905 Bentleio
516 3849 548 3903 sd
559 3849 645 3902 Horat.
655 3849 736 3901 Serto
745 3849 778 3916 ll,
791 3849 816 3913 3,
867 3850 921 3902 thes
933 3865 956 3904 et
968 3850 1123 3927 Chrysippus
1137 3853 1165 3906 iu
1176 3854 1317 3919 rationale,
1330 3856 1377 3908 ed-

314 3929 467 3998 17²)reuit.
868 3929 1036 4001 ιὶεηισισῇφῦ
1022 3953 1071 3985 νισι
1082 3931 1280 4001 ‚quotlSencce
1290 3936 1378 4004 sequu-

344 4013 367 4078 4.
387 4009 448 4062 Non
462 4015 586 4077 oporteat.
605 4007 664 4060 Nou
682 4006 818 4059 honesturn
868 4021 909 4060 tur
919 4021 944 4060 et
957 4009 1069 4082 explicet
1081 4009 1122 4064 cf
1133 4009 1202 4063 sub.
1214 4011 1239 4062 ll
1248 4011 1378 4084 ‚7p133

310 4089 351 4143 sit.
868 4107 905 4158 sq.
917 4089 1025 4140 lleeren.
1038 4087 1197 4142 Virdomaro·
1204 4087 1382 4159 ,Syrumder

344 4167 425 4218 XXV.
444 4168 512 4219 Atto
531 4165 613 4234 Qua'
606 4187 633 4218 ιιι
651 4185 677 4218 re
697 4164 818 4219 diinobis
868 4164 1000 4218 Srotsclen
1008 4164 1238 4236 Philosophum,
1251 4188 1276 4241 p.
1289 4167 1329 4238 76.
1339 4169 1380 4221 Dc

309 4241 496 4296 sintimitrndi.
868 4244 1134 4299 orontisdediirct.
1145 4246 1193 4315 IV,
1207 4246 1222 4298 3
1228 4246 1312 4315 ,§,s
1328 4261 1381 4299 not
