2976 4944
299 405 343 474 30
592 399 664 469 DE
688 345 1070 472 l'ROVIDENTIA

299 546 422 610 serrat.
444 531 572 602 Erratis
586 535 730 614 etenim,
746 533 775 600 si
792 556 895 624 quem
907 529 1070 624 judicatis
1084 548 1262 626 exceptum
1280 559 1287 598 :
1305 555 1365 600 ve·

259 662 276 714 8
301 654 372 724 niet
395 649 440 720 ad
461 650 557 720 illum
581 649 641 718 diu
664 650 795 718 felicem
819 673 880 717 sua
901 649 1024 741 portio.
1046 647 1211 741 Quisquis
1228 648 1365 719 ridetur

300 768 457 836 dimissm
470 789 563 845 esse,
585 764 710 834 dilutus
727 781 789 832 est.
812 765 930 857 Qum-e
953 765 1046 832 Deus
1063 767 1225 857 optimum
1242 775 1365 857 quem-

300 895 445 975 queant
465 879 552 948 mala
568 878 782 962 valetudiue,
803 895 862 946 aut
879 879 955 946 aliis
974 880 1212 963 incommodis,
1231 879 1367 948 aflicit?

301 997 418 1090 Quare
436 996 473 1064 iu
488 995 607 1064 cestris
625 1019 761 1087 quoque
778 994 966 1088 periculosa
985 995 1172 1065 fortissimis
1195 998 1368 1090 impersu-

302 1115 382 1182 tur?
396 1115 471 1182 Dux
489 1112 688 1180 lectissimos
702 1111 822 1195 mittit,
841 1113 902 1203 qui
920 1113 1095 1180 nocturnis
1112 1115 1225 1182 hostes
1242 1135 1368 1206 aggre-

302 1230 440 1304 dientur
458 1227 609 1311 insidiis,
628 1242 687 1296 eut
706 1227 883 1321 explorent
897 1229 992 1311 iter¹,
1004 1246 1064 1296 sut
1079 1229 1274 1322 praesidium
1293 1230 1366 1296 loeo

303 1343 476 1436 dejiciant.
498 1345 604 1412 Nemo
621 1365 739 1410 eorum
752 1343 811 1433 qui
824 1357 969 1424 exeunt,
988 1341 1072 1410 dicit
1090 1368 1097 1409 :
1118 1371 1134 1406 s
1151 1343 1241 1412 Male
1254 1342 1296 1411 de
1312 1365 1367 1410 me

307 1485 324 1524 s
344 1459 527 1551 imperator
540 1457 744 1524 meruit²zn
772 1456 854 1540 sed,
886 1459 1014 1526 «Beue
1026 1453 1248 1549 judicavit»
1271 1457 1366 1526 Idem

304 1573 419 1644 dicant
437 1575 642 1664 quicumque
656 1572 822 1664 jubentur
838 1573 908 1664 pati
921 1571 1049 1640 timidis
1061 1575 1259 1666 ignavisque
1272 1575 1370 1642 flebi-

303 1683 361 1758 lia.
380 1688 485 1780 Digni
498 1687 561 1754 visi
576 1711 691 1756 sumus
702 1689 796 1769 Deo,
815 1687 989 1779 inquibus
1007 1691 1232 1782 experiretur,
1256 1715 1367 1783 qnan-

305 1821 375 1876 tum
396 1804 545 1871 bumana
560 1817 683 1871 natura
699 1819 812 1894 posset
833 1805 917 1896 pati.
939 1805 1062 1899 Fugite
1084 1805 1240 1893 delicias,
1259 1808 1367 1901 fugite

209 1905 212 1914 ’
304 1933 496 1988 enervatam
511 1917 725 2000 felicitatem,
741 1920 921 2010 quasuimi
932 1917 1212 2012 permadescunt,
1227 1923 1293 1991 nisi
1304 1922 1368 1990 ali·
1477 1941 1478 1946 ¹

305 2033 389 2127 quid
413 2036 618 2116 intervenit,
645 2033 737 2126 quod
755 2035 912 2102 hommes
934 2038 1034 2104 sortis
1056 2035 1253 2120 admoneat,
1274 2038 1369 2108 velut

264 2185 282 2237 9
305 2167 471 2246 perpetua
492 2150 656 2220 ebrietate
679 2151 791 2243 sopiti.
815 2151 928 2241 Quem
944 2144 1154 2246 specularia⁵
1173 2175 1308 2247 semper
1322 2153 1368 2222 sb

306 2266 433 2337 adllstu
451 2265 690 2348 vindicarunt,
719 2266 816 2358 cujus
832 2265 937 2358 pedes
954 2267 1044 2335 inter
1058 2267 1204 2337 fomenta
1222 2267 1368 2338 subinde
1418 2363 1420 2366 Ι

305 2399 432 2454 mutata
451 2399 651 2477 tepuerunt,
670 2383 767 2474 cujus
781 2382 986 2450 coenationea
1003 2381 1157 2452 subditus
1174 2399 1209 2452 et
1225 2387 1368 2478 parieti-

304 2499 369 2570 bus
395 2497 618 2568 circumfusus
639 2498 731 2566 calor
750 2498 969 2590 temperavit,
989 2497 1082 2566 hunc
1100 2499 1183 2568 levis
1199 2524 1282 2568 aurs
1299 2525 1369 2568 non

253 2661 282 2694 ,ο
306 2618 380 2686 sine
389 2615 543 2710 pericula
556 2616 713 2708 stringet.
728 2613 845 2706 Quum
858 2615 971 2684 omnis
983 2634 1059 2706 quae
1069 2597 1284 2684 excessenmt
1298 2641 1372 2685 mo-
1477 2639 1478 2708 ᾗ

306 2733 412 2824 dum,
432 2747 598 2814 noceant,
618 2731 899 2824 periculosissima
923 2731 1092 2804 felicitatis
1109 2733 1369 2828 intemperantia

340 2949 361 2980 s.
373 2925 523 2997 explorent
535 2930 590 2980 iter.
605 2925 675 2980 Beue
690 2943 716 2977 se
729 2923 812 2977 babet·
859 2925 998 2998 Egregium
1017 2925 1135 2978 adversus
1154 2939 1309 2999 tempestates
1324 2949 1368 2982 re-

307 3006 383 3067 Alii.
409 3008 541 3074 explorent
556 3001 722 3066 interdum
743 3003 810 3055 unde
860 3002 1014 3074 teptaculum
1032 3021 1038 3056 :
1058 3021 1117 3054 nam
1135 3003 1319 3074 specularibus,
1342 3017 1368 3058 et

305 3083 403 3155 Lipsius
420 3083 478 3136 fecit
496 3079 619 3146 interdiu,
637 3093 665 3134 ut
684 3082 811 3135 nocturnis
860 3083 939 3134 multo
958 3081 1038 3154 magis
1049 3083 1217 3136 eminentibus
1229 3083 1298 3136 tectis
1310 3103 1366 3136 mu-

305 3157 562 3234 opponsturinsidiis·
804 3153 806 3156 ’
860 3159 998 3212 ciuntur.»
1012 3159 1042 3210 lu
1060 3159 1156 3212 balneis
1169 3179 1270 3231 quoque
1291 3181 1366 3216 usum

299 3261 303 3268 ·
339 3236 811 3311 2.Mate...·..mersts.1.e.impsrssor
859 3235 1023 3308 specularium
1034 3236 1110 3288 fuisse
1119 3241 1221 3290 testatur
1230 3238 1364 3305 etlloster,

307 3313 423 3367 memsle
434 3313 528 3368 babuit
859 3314 1366 3390 debslueorumlususissgensmpistol.

338 3389 362 3440 3.
384 3388 469 3459 Quem
485 3391 639 3461 specularia.
656 3391 810 3444 Fecusses
860 3393 911 3447 se:
929 3417 941 3440 s
954 3395 1067 3467 Pauper,
1087 3395 1184 3464 iuquit,
1206 3395 1252 3448 sibi
1264 3397 1366 3449 videtur

306 3466 389 3539 lapide
398 3469 522 3540 speculari
531 3468 586 3520 lieri
595 3468 675 3522 solitu
684 3471 751 3540 apud
761 3472 812 3522 Ve-
859 3491 888 3524 sc
898 3471 1030 3536 sordidus,
1044 3473 1093 3524 uisi
1104 3473 1208 3544 parietes
1223 3474 1322 3546 mugnis
1341 3488 1367 3527 et

306 3556 387 3598 teres:
404 3545 477 3618 Lupis
493 3546 627 3618 speculeris
644 3559 681 3598 est
699 3559 812 3598 nostrum
861 3549 972 3620 pretiosis
982 3548 1084 3602 orbibus
1096 3550 1260 3604 refulserint...
1273 3551 1367 3622 Quen-

306 3621 391 3688 spatb.
408 3621 555 3695 Spsculsris
567 3642 612 3676 seu
621 3624 760 3694 speculares
775 3625 811 3678 lu·
860 3638 968 3679 munuc
974 3625 1065 3697 aliquis
1072 3627 1212 3680 rusticitatis
1219 3627 1365 3701 Scipionem

306 3698 376 3770 pides
389 3699 493 3752 materis
502 3700 618 3772 quedem
629 3699 714 3752 lucida
727 3713 809 3765 erest,
860 3703 1136 3773 damnet‚quodncnin
1144 3703 1365 3758 calderiumsuum

306 3789 331 3828 et
340 3776 490 3840 instrueris
502 3789 667 3850 transpareus.
680 3777 752 3831 Hauc
764 3781 812 3830 Ve-
859 3781 1325 3852 totisspecularibusdiemedmiserit?s
1333 3785 1365 3835 ln

305 3855 811 3927 teresfeuestrisimpousbsnnutuostrum
858 3856 926 3908 sellis
940 3858 1015 3909 etiam
1026 3858 1066 3908 vel
1080 3857 1174 3909 lecticis
1196 3861 1310 3932 agnoseit
1320 3859 1366 3912 Ju-

305 3933 410 3986 vitrum:
419 3924 809 4008 dehoePtinimJunior,Ep.11,
860 3934 964 3998 venalis,
976 3934 1026 3989 Set.
1035 3935 1110 3999 1v‚v.
1121 3955 1148 3986 ss
1160 3935 1257 4003 :sQuae
1264 3936 1367 3990 rebitur

308 4011 811 4084 17:uDeindeporticusinDliteraesimi·
859 4013 943 4066 clauso
951 4013 1006 4065 letis
1014 4013 1182 4086 specularibus
1192 4017 1365 4069 eunomium

304 4086 436 4141 libidinem
460 4087 737 4160 circumrotetquibus
753 4109 810 4164 par·
859 4103 883 4143 st
896 4090 936 4142 bis
948 4089 1048 4142 arbores
1060 4090 1277 4161 quedammvse,
1290 4111 1364 4156 rosa,

305 4164 379 4230 suls,
396 4165 439 4218 sed
459 4167 565 4230 festiva,
586 4187 642 4221 ares
666 4167 810 4222 includitur.
859 4187 1015 4232 cucumeres,
1030 4182 1053 4220 et
1064 4168 1091 4222 id
1102 4187 1181 4240 genus
1191 4170 1240 4222 slis
1251 4190 1294 4244 per
1309 4169 1367 4222 bie-
